3326 5016
749 473 967 526 ..24--

294 651 409 709 fuisse?
444 651 486 708 Ut
512 665 583 710 vero
608 651 686 707 inter
710 655 811 722 patres
836 650 917 706 nulla
940 649 1049 706 notitia
1073 649 1172 718 100011,
1198 648 1270 706 illud
1295 648 1421 705 incredi-

294 759 353 815 bile
383 762 444 825 est,
476 757 637 830 Clitiphoni
669 758 869 815 Menedemum
897 762 1011 828 patrem
1040 757 1127 814 amiei
1157 757 1289 830 ignotum
1314 756 1418 812 fuisse.

295 865 361 938 Qua
385 866 420 923 de
445 883 534 924 eausa
551 865 655 922 mirum
679 868 724 921 est
743 864 949 936 Clitiphonem,
975 881 1147 934 quamquam
1173 863 1364 931 Menedemus
1388 864 1419 920 in

294 973 427 1044 proximo
463 973 589 1041 habitat,
627 976 736 1042 quanto
771 971 824 1028 filii
849 970 995 1028 desiderio
1030 971 1079 1029 ille
1114 976 1260 1040 teneatur,
1297 988 1422 1042 prorsus

295 1080 440 1152 ignorare,
466 1082 495 1137 id
519 1080 595 1150 quod
619 1080 805 1152 intellegitur
830 1098 866 1136 ex
889 1096 917 1135 v.
946 1081 1007 1135 199

456 1199 544 1254 Timet
562 1201 657 1266 omnia,
676 1199 761 1268 patris
781 1199 848 1254 iram

295 1317 323 1368 01
350 1329 386 1368 ex
411 1329 471 1368 vss.
500 1316 560 1370 197
587 1330 629 1382 sq.

400 1433 484 1486 Immo
504 1431 548 1486 ille
569 1433 621 1487 fuit
640 1451 720 1488 senex
733 1433 890 1502 inportunus
905 1451 1017 1502 semper,
1038 1439 1153 1488 010000
1172 1432 1209 1486 nil
1226 1431 1311 1501 niagis

399 1522 503 1576 Vereor
522 1539 600 1588 quam
618 1522 715 1590 nequid
734 1521 761 1576 in
779 1521 855 1575 illum
874 1523 958 1576 iratus
978 1525 1038 1592 plus
1057 1523 1124 1578 satis
1144 1521 1220 1578 suxit.

386 1635 452 1692 Aut
466 1634 657 1692 Menedemus
674 1634 849 1692 desiderium
875 1651 959 1692 suum
976 1635 1202 1709 diligentissime
1220 1633 1422 1691 dissimulavit

294 1747 346 1798 aut
362 1739 501 1813 Clitipho,
528 1759 602 1812 quae
625 1743 655 1800 in
672 1740 804 1814 proximo
825 1741 998 1815 agebantur,
1026 1743 1160 1800 eonsulto
1182 1741 1277 1799 noluit
1300 1741 1416 1798 videre:

293 1853 391 1904 utrum
415 1849 478 1905 veri
500 1848 674 1905 dissimilius
699 1849 766 1906 est?
812 1851 860 1906 Ae
884 1866 920 1906 ne
957 1848 1051 1922 Syrus
1086 1850 1202 1920 quidem
1232 1865 1336 1906 servus
1366 1847 1419 1904 ille

292 1955 478 2025 vaferrimus,
516 1972 602 2026 quam
637 1959 751 2014 mutato
787 1956 882 2014 animo
919 1973 1009 2015 senex
1038 1962 1127 2026 esset,
1158 1954 1320 2028 perspexit.
1369 1953 1416 2010 Of.

293 2080 320 2119 v.
347 2064 411 2120 402

347 2164 430 2218 Immo
451 2171 482 2218 01
499 2169 603 2232 patrem
623 2172 697 2220 tuem
716 2165 771 2220 nidi
791 2184 849 2221 0000
867 2166 996 2232 habitum,
1016 2166 1061 2220 diu
1081 2166 1161 2221 etiam
1181 2167 1260 2221 dures
1282 2165 1362 2219 dabit.

293 2278 378 2334 Haeo
401 2277 498 2334 omnia
521 2277 558 2334 ah
585 2277 733 2336 hominum
756 2278 820 2336 nita
856 2295 890 2335 ue
927 2278 1138 2337 consuetudine
1174 2278 1271 2336 aliena
1300 2277 1336 2334 ab
1365 2277 1419 2333 illo

293 2383 457 2441 clarissimo
492 2388 581 2456 poeta
604 2384 718 2442 Graeco
755 2386 837 2444 faeta
872 2403 939 2444 esse
968 2403 1037 2443 num
1061 2386 1223 2455 credamus,
1260 2385 1297 2442 ad
1332 2401 1418 2456 quem

293 2495 411 2563 speetat
423 2490 495 2548 illud
511 2491 726 2563 Aristophanis
743 2493 897 2566 Byzantii:
924 2477 949 2548 ὦ
965 2484 1125 2568 Μένανδρε
1143 2481 1200 2548 καὶ
1215 2483 1273 2565 ple,
1295 2482 1418 2566 πότερος

293 2583 342 2673 ἆρ’
368 2591 461 2674 ὑμῶν
479 2587 605 2672 πότερον
619 2591 836 2676 ἀπεμιμήσατο
861 2605 892 2658 01
908 2601 1084 2674 1101011110οἰ
1100 2602 1189 2658 haee:
1217 2600 1280 2671 „ita
1304 2617 1418 2657 omnem

291 2705 374 2763 vitae
396 2705 554 2780 imaginem
579 2708 741 2778 expressit,
771 2712 858 2766 tanta
886 2708 916 2766 in
946 2725 980 2765 eo
1003 2708 1172 2766 inveniendi
1196 2707 1281 2780 eopia
1304 2711 1335 2764 et
1359 2707 1419 2764 elo-

292 2813 400 2883 quendi
435 2813 573 2883 facultas
610 2813 655 2872 ita
689 2820 736 2872 est
770 2815 903 2873 omnibus
938 2817 1036 2885 rebus,
1077 2816 1220 2888 persenis,
1262 2813 1418 2872 affectibus

293 2921 582 2978 aeeomnrodatus.“?
629 2921 693 2980 Neo
722 2924 817 2980 nunus
847 2923 1019 2981 ineredibile
1045 2928 1091 2980 est
1120 2922 1275 2981 10110001
1298 2926 1418 2993 poetam

293 3027 374 3083 illum
398 3027 662 3097 accuratissimum,
688 3030 737 3100 qui
761 3030 935 3088 tenuissimo
960 3031 1096 3102 serupulo
1125 3036 1222 3088 motus
1246 3031 1276 3087 in
1299 3027 1417 3087 Andria

293 3132 440 3191 Simonem
472 3152 537 3191 eum
565 3133 653 3192 Sosia
681 3135 788 3193 liberte
818 3153 905 3207 quam
934 3154 998 3195 oum
1026 3154 1118 3195 uxore
1146 3139 1182 3195 de
1210 3137 1269 3194 filio
1294 3136 1419 3206 colloqui

292 3241 438 3306 maluerit,
470 3241 542 3298 nihil
572 3243 601 3298 in
631 3244 674 3300 eis
705 3243 881 3301 offensurum
909 3244 1012 3312 fuisse,
1042 3261 1116 3314 quae
1140 3244 1215 3301 mira
1244 3261 1310 3301 esse
1333 3243 1421 3300 mode

293 3349 502 3405 demonstravi.
552 3348 658 3407 Omnia
690 3343 759 3408 uero
789 3351 863 3408 haee
891 3351 967 3408 vitia
995 3351 1138 3409 eiusmodi
1168 3357 1246 3420 sunt,
1276 3355 1419 3421 utquam

292 3456 321 3511 10
353 3455 515 3526 simplicem
544 3456 674 3514 fabulam
708 3458 847 3515 invadere
882 3457 1033 3529 potuerint
1061 3475 1118 3514 non
1151 3457 1355 3530 intellegatur,
1387 3461 1420 3513 at

292 3562 501 3632 quedammodo
519 3569 699 3622 excusentur
722 3565 752 3622 in
777 3565 986 3623 contaminata.
1404 3549 1406 3552 ⁵

382 3670 429 3725 Ae
452 3686 527 3740 quae
552 3670 692 3728 Chremes
717 3671 789 3728 dieit
812 3689 840 3728 v.
868 3674 930 3729 159
955 3689 998 3743 sq.

454 3791 617 3857 Menedeme,
638 3797 666 3846 at
685 3809 763 3860 porro
782 3797 856 3847 reete
875 3810 951 3860 spero
973 3792 1094 3848 utillum
1115 3791 1164 3846 tibi

455 3881 562 3934 Saluum
582 3881 735 3934 adfuturum
755 3899 813 3936 esse
833 3881 876 3935 hie
896 3882 998 3936 confido
1019 3881 1178 3950 propediem.

294 3992 400 4049 indieio
425 4009 490 4050 esse
514 3992 652 4049 videntur
675 3992 818 4050 Graecam
840 3994 969 4051 fabulam
993 4011 1058 4051 esse
1074 3999 1219 4052 mutatam
1235 4011 1253 4051 a
1268 3994 1417 4051 Terentio.

293 4099 397 4156 Potuit
421 4101 494 4156 enim
518 4115 617 4168 senex,
644 4104 677 4156 ut
697 4100 826 4157 vicinum
843 4102 1055 4170 consolaretur,
1083 4101 1178 4158 dieere
1207 4117 1311 4172 „spero
1334 4101 1418 4158 illum

293 4205 349 4261 tihi
374 4205 485 4262 salvom
509 4206 677 4263 aeliotarum
700 4212 797 4277 esse“,
822 4225 879 4265 nen
902 4208 1009 4280 potuit,
1036 4214 1116 4280 puto,
1143 4225 1265 4282 pergere
1287 4208 1418 4276 „confido
