3326 5016
772 448 988 503 ..16—

315 624 398 681 sibus
423 626 554 681 28-—34
579 624 642 694 ipse
664 623 868 681 adversarium
884 625 1006 696 carpsit,
1029 625 1063 681 de
1086 625 1193 696 quihus
1218 627 1352 684 onmihus
1376 645 1442 685 rer·

316 730 398 788 sibus
427 748 486 788 non
515 731 715 788 addubitatur.
746 733 809 788 ¹At
840 737 972 788 extrema
999 748 1070 803 pars
1093 736 1159 789 tota
1187 733 1249 789 lere
1279 751 1296 790 a
1320 737 1442 809 prologo

316 837 515 895 abiudicanda
539 843 595 906 est,
621 837 651 894 id
675 839 752 908 quod
776 838 966 912 cognoscitur
990 855 1027 896 ex
1050 839 1115 910 ipso
1139 839 1225 896 initio
1249 841 1307 898 loci

454 958 512 1026 (35)
533 958 636 1012 Adeste
656 975 739 1025 aequo
759 958 859 1013 animo:
879 959 942 1013 date
961 963 1126 1026 potestatem
1145 957 1209 1012 mihi

531 1045 676 1101 Statariam
697 1064 776 1117 agere
795 1053 826 1102 ut
844 1047 925 1102 liceat
943 1065 991 1116 per
1010 1046 1155 1102 silentium.

405 1158 501 1231 Quid?
519 1159 713 1216 statariamne
727 1175 793 1216 esse
806 1159 1161 1217 Heautontimorumenon
1179 1159 1308 1219 fabulam
1325 1166 1439 1236 turbae,

315 1267 497 1333 technarum,
516 1265 589 1337 spei,
607 1266 678 1333 irae,
696 1277 793 1324 metus
805 1267 1027 1337 plenissimam?
1052 1266 1087 1322 In
1100 1266 1230 1336 quaalia
1247 1269 1322 1325 enim
1336 1271 1441 1328 Teren-

316 1373 399 1430 tiana
423 1373 523 1429 falmla
546 1377 632 1444 pater
655 1373 839 1444 petulantius
865 1391 881 1430 a
905 1373 965 1430 lilio
986 1377 1036 1430 aot
1059 1389 1145 1429 servo
1163 1373 1297 1433 fallitur?
1322 1376 1441 1449 eranta

317 1480 468 1538 iracundia
485 1479 624 1536 Chremes
649 1480 742 1547 ardet,
772 1484 929 1552 postquam
952 1479 1130 1537 Bacchidem
1159 1497 1216 1537 non
1241 1481 1363 1550 Cliniae,
1389 1486 1441 1542 setl

316 1587 363 1644 sui
392 1586 445 1644 filii
477 1603 543 1643 esse
575 1587 698 1643 amicam
727 1588 885 1660 cognovit?
931 1587 1018 1644 Adde
1046 1587 1121 1658 quod
1146 1587 1271 1644 Bacchis
1300 1592 1440 1648 meretrix

315 1693 527 1765 procacissima
556 1711 621 1750 oum
650 1710 743 1766 grege
773 1695 943 1751 ancillarum
968 1695 1016 1766 (cf.
1042 1712 1070 1752 r.
1085 1695 1173 1768 254)
1199 1699 1227 1752 et
1251 1696 1352 1753 multis
1378 1714 1438 1754 sar·

316 1800 390 1858 cinis
408 1801 523 1888 domum
540 1799 705 1858 Chremetis
729 1802 809 1860 senis
827 1802 1005 1872 devertitur3
1031 1803 1107 1872 quocl
1124 1801 1255 1873 Clitipho
1272 1803 1309 1860 ad
1325 1809 1439 1862 tantam

316 1908 448 1980 procedit
485 1907 721 1980 protervitatem,
758 1916 790 1965 ut
827 1909 976 1966 meretrici
1011 1909 1041 1965 in
1077 1909 1199 1966 aedibus
1234 1909 1324 1966 ricini
1360 1911 1440 1968 senis

319 2032 457 2087 „operam
475 2016 553 2071 dea*
604 2016 681 2072 Num
698 2015 770 2072 haec
788 2016 884 2073 onmia
902 2016 932 2072 in
954 2016 1082 2072 stataria
1103 2016 1166 2072 sive
1184 2017 1241 2074 leni
1265 2019 1440 2089 exspectas?

316 2122 408 2180 Immo
437 2139 521 2191 rer03
559 2122 585 2179 si
620 2123 681 2178 ulla
709 2122 887 2180 Terentiana
915 2121 1015 2178 fabula
1044 2127 1089 2178 est
1119 2124 1253 2191 motoria,
1285 2129 1364 2180 certe
1394 2133 1441 2181 est.

315 2230 678 2287 Heautontimorumenos.
706 2263 748 2269 —
773 2229 831 2286 Vel
855 2228 1019 2286 evidentior
1042 2245 1090 2285 res
1115 2229 1149 2286 fil
1172 2247 1261 2287 versu
1288 2235 1327 2288 37

566 2351 606 2402 Nc
626 2365 731 2416 semper
749 2366 841 2403 seruos
861 2365 978 2412 currens,
997 2347 1082 2402 iratus
1102 2366 1184 2404 senex

316 2461 365 2517 An
405 2477 475 2517 vero
515 2459 669 2530 quisquam
715 2466 777 2517 tam
816 2459 966 2517 immemor
1005 2460 1171 2518 Chremetis
1214 2466 1242 2517 et
1280 2455 1349 2533 Syri
1384 2465 1440 2528 est,

316 2571 351 2623 ut
373 2567 482 2633 iratum
511 2585 610 2624 senem
640 2573 691 2624 aut
721 2585 839 2624 serrum
863 2572 1028 2625 currentem
1051 2568 1081 2624 in
1106 2568 1442 2626 Heautontimorumeno

316 2674 417 2731 fabula
440 2674 563 2746 reperiri
586 2675 696 2746 neget?
728 2675 830 2744 Neque
850 2692 921 2731 rero
937 2676 1021 2732 modo
1038 2675 1092 2731 hos
1109 2675 1181 2731 diros
1198 2691 1303 2731 versus
1320 2675 1442 2747 prologo

316 2782 475 2839 movendos
500 2798 580 2848 esse⁷
613 2781 664 2838 sed
688 2797 792 2836 rersus
818 2784 958 2850 35-47,
985 2799 1021 2838 ex
1050 2781 1124 2852 ipsis
1154 2780 1352 2852 cognoscitur.
1400 2779 1443 2837 Et

317 2888 403 2946 facile
438 2889 520 2945 iusta
554 2905 653 2945 eorum
689 2888 774 2944 sedes
809 2888 967 2945 invenitur.
1023 2888 1087 2943 Duo
1113 2887 1188 2944 enim
1213 2891 1284 2943 sunt
1315 2886 1440 2944 indicio:

316 2995 455 3067 primum,
481 2995 557 3065 quod
576 2995 735 3052 Ambivius
760 2974 830 3065 ipse·
846 2995 913 3051 illos
933 3011 1038 3051 versus
1059 2993 1278 3064 pronuntiarit,
1306 2995 1439 3062 alterurn,

317 3102 393 3173 quod
417 3102 527 3170 fabula,
553 3119 639 3172 quam
667 3119 741 3174 grex
765 3106 886 3158 acturus
916 3104 971 3168 est,
1003 3101 1131 3158 stataria
1155 3105 1184 3158 et
1208 3101 1283 3158 lenis
1307 3107 1439 3159 vocatur.

317 3209 396 3281 Quid
419 3208 532 3266 multa?
557 3207 606 3265 Illi
629 3227 735 3267 versus
759 3209 874 3282 prologi
890 3209 923 3265 ΙΙ
938 3208 1077 3280 Hecyrae
1102 3213 1180 3276 sunt,
1207 3209 1255 3278 qui
1280 3208 1317 3265 ah
1342 3209 1443 3266 eodem

319 3333 388 3373 seno
412 3315 553 3383 Amhirio
577 3317 787 3389 pronuntiatus
810 3320 866 3373 est.
906 3315 1066 3372 Enimvero
1091 3315 1120 3371 in
1145 3316 1200 3372 hac
1225 3315 1327 3372 fabula
1349 3331 1442 3384 neque

317 3423 490 3480 turbulenta
514 3440 603 3480 scena
618 3440 712 3494 neque
734 3440 838 3480 servus
857 3437 977 3480 currens
1001 3437 1095 3492 neque
1119 3427 1206 3494 pater
1230 3422 1325 3478 iratus
1350 3437 1442 3490 neque

318 3531 379 3588 ulla
414 3531 449 3587 do
485 3531 592 3588 ceteris
628 3530 763 3601 personis
799 3536 855 3599 est,
892 3546 966 3600 quae
1001 3528 1138 3586 versibus
1169 3531 1299 3585 27—39
1329 3526 1443 3598 prologi

319 3638 467 3695 Heauton.
498 3654 642 3710 personae
676 3636 820 3694 motoriae
850 3637 968 3694 fabulae
999 3632 1052 3713 (cf.
1082 3653 1110 3692 r.
1141 3634 1195 3707 40)
1227 3632 1442 3706 significantur.

319 3746 387 3803 Iure
410 3745 504 3819 igitur
523 3745 643 3816 Hecyra
667 3745 795 3802 stataria
819 3751 850 3803 et
872 3745 947 3804 lenis
972 3744 1072 3801 tabula
1096 3741 1270 3813 appellatur.

357 3861 359 3866 ’
408 3871 511 3940 Neque
544 3868 662 3925 dubium
691 3875 747 3938 est,
784 3873 852 3941 post
883 3886 968 3939 quem
1004 3884 1123 3924 versum
1157 3865 1272 3938 prologi
1307 3865 1445 3936 Hecyrae

319 3978 400 4035 locus
425 3977 474 4034 ille
499 3994 535 4034 ex
559 3976 670 4032 Heaut.
695 3976 817 4048 prologo
841 3982 971 4032 remotus
996 3974 1170 4044 inserendus
1195 3973 1245 4029 sit.
1278 3971 1444 4044 Aptissima

320 4067 396 4124 enim
432 4066 565 4137 sequitur
600 4081 719 4122 versum
755 4068 795 4122 37
832 4064 947 4137 prologi
970 4065 1117 4135 Hecyrae.
1166 4063 1283 4119 Versus
1314 4064 1443 4118 35—37

279 4196 282 4204 ·
321 4175 396 4231 enim
422 4179 491 4232 sunt
515 4174 560 4230 hi:
