3326 5016
695 405 915 459 ..35.α

240 585 419 642 tenaciorem
443 600 561 641 normae
586 583 644 640 sibi
668 583 838 655 propositae
860 583 908 640 uel
931 582 962 640 in
986 583 1108 640 nrinutis
1139 583 1227 640 rebus
1252 588 1368 654 poetam

241 691 334 748 luisse
373 690 573 764 cognovimus,
629 689 673 748 Ol.
711 707 785 761 quae
815 690 850 746 (10
879 690 1005 747 formula
1032 691 1192 748 transitum
1223 687 1370 746 efficiente

240 815 308 872 pag.
343 801 360 856 3
398 803 428 856 01
456 798 492 854 (10
526 798 713 872 prologorum
745 797 886 854 extremis
920 795 1057 854 versibus
1093 814 1121 868 p.
1161 800 1199 852 17
1236 796 1368 868 exposui.

239 907 296 973 Ao,
333 922 506 975 quamquam
541 922 578 962 00
606 905 662 961 hoc
693 905 809 974 quidem
832 921 953 962 necesso
983 909 1057 972 erat,
1091 903 1121 960 in
1146 905 1225 960 nullo
1248 904 1370 978 prologo

241 1012 804 1083 0001000000010000100001110100100
828 1027 942 1080 nomen,
967 1011 1044 1080 quod
1074 1011 1099 1067 si
1123 1013 1153 1067 in
1177 1028 1233 1068 uno
1259 1011 1368 1069 desset.

241 1117 314 1175 iure,
329 1118 512 1175 miraremur.

330 1241 390 1300 Sed
416 1243 557 1316 gaaviora
586 1247 760 1315 argumenta
789 1244 942 1300 accedunt.
990 1242 1039 1299 Ex
1072 1235 1207 1300 versibus
1240 1247 1370 1300 13-*16

240 1350 317 1406 enim
340 1349 435 1406 Andr.
460 1349 534 1420 prol.

402 1469 477 1536 Quae
497 1486 644 1524 conuenere
664 1467 690 1521 in
710 1467 839 1522 Andriam
860 1487 892 1524 ex
911 1469 1050 1524 Perinthia

401 1559 516 1612 Fatetur
535 1556 706 1611 transtulisse
726 1549 806 1625 atquo
825 1577 902 1614 usum
922 1576 969 1626 pro
989 1558 1052 1614 0010.

402 1647 434 1701 ld
453 1645 500 1700 isti
519 1645 677 1714 uituperant
696 1645 797 1700 factum
817 1653 897 1714 atque
917 1647 942 1701 in
963 1666 992 1702 eo
1013 1646 1151 1717 disputant

402 1733 588 1792 ,Contaminari
605 1753 658 1788 uon
678 1736 772 1790 decere
792 1736 903 1791 fabulas.

240 1868 420 1941 perspicitur
444 1865 681 1922 adversariorum
707 1865 861 1922 scientiam
886 1867 921 1924 de
940 1867 1069 1924 Andriae
1094 1873 1268 1939 0030100010
1292 1870 1369 1926 haud

240 1977 283 2034 110
308 1975 447 2046 exiguam
471 1972 573 2028 fuisse.
620 1971 687 2043 Quo
717 1974 896 2031 modovero
920 1973 1113 2045 1001001011,
1148 1981 1182 2032 ut
1207 1977 1369 2034 adversarii

240 2099 334 2140 novae
371 2080 489 2138 fabulae
526 2083 586 2136 tam
620 2079 706 2150 gnari
739 2080 909 2137 Terentium
944 2081 1162 2153 vituperarent,
1200 2083 1369 2154 priusquam

241 2191 365 2262 primum
388 2187 490 2245 fabula
513 2189 582 2243 acta
606 2186 706 2243 esset?
753 2189 798 2243 At
821 2186 898 2245 idern
922 2189 1059 2246 Terentio
1084 2189 1193 2246 accidit
1216 2191 1369 2262 Adelphos

243 2303 271 2353 01
297 2295 442 2354 Eunucho
467 2294 602 2351 docenti!
622 2319 624 2322 ·
650 2291 728 2352 Sane
752 2299 840 2351 vetus
871 2301 959 2367 poeta
982 2312 1035 2367 per
1063 2295 1189 2354 iusidias
1213 2298 1370 2370 Adelphon

242 2406 416 2474 argumento
454 2401 606 2471 explorato
642 2400 772 2457 tabulam
793 2383 933 2460 ¹nondum
969 2409 1066 2461 actam
1103 2419 1223 2476 carpere
1261 2399 1368 2477 potuit.

242 2509 301 2568 S'ed
325 2510 390 2581 quis
426 2508 528 2566 erodat
562 2508 609 2564 bis
639 2508 741 2564 eadem
776 2495 896 2566 fallacia
918 2511 1088 2567 Terentium
1123 2509 1160 2567 ab
1191 2512 1371 2569 aduersariis

243 2633 416 2688 oppressum
440 2614 526 2672 esse?
558 2613 654 2670 Semel
674 2614 724 2672 ille
748 2615 863 2685 (pridem
888 2616 1026 2673 incautus
1050 2617 1115 2685 1011,
1142 2618 1242 2687 quidni
1266 2619 1372 2689 postea

243 2724 358 2782 doctior
374 2722 505 2780 caverit?
529 2705 708 2794 Legitimam
732 2738 802 2778 vero
825 2724 971 2792 quandam
994 2727 1174 2794 potestatem
1198 2725 1372 2796 inspiciendi

242 2837 273 2888 et
309 2829 517 2896 maledicendi,
560 2834 716 2898 antequam
752 2829 914 2887 Eunuchus
949 2831 1056 2902 populo
1097 2830 1217 2902 probari
1258 2837 1370 2903 posset,

244 2942 332 2995 vetus
355 2941 445 3009 poeta
469 2935 594 3006 adeptus
619 2941 665 2993 001
689 2952 809 3007 eamque
845 2923 1043 2994 contemnito
1067 2936 1216 2994 Terentio.
1263 2935 1371 2994 Mirum

239 3045 271 3102 ni
294 3044 360 3112 hio,
396 3041 492 3113 quoad
516 3046 647 3113 poterat,
685 3044 886 3101 adversarium
918 3061 936 3101 a
971 3042 1060 3111 simili
1090 3043 1175 3115 copia
1198 3042 1372 3115 inspiciendi

240 3151 382 3209 exclusit!
430 3149 499 3216 110,
531 3145 630 3221 credo,
662 3151 851 3208 iudicandum
875 3155 936 3216 001,
968 3151 994 3206 01
1018 3158 1088 3222 post
1110 3150 1286 3209 Eunuchum
1310 3152 1373 3208 sive

240 3258 396 3329 Adelphos
425 3259 542 3316 Andria
578 3265 645 3316 0010
682 3264 738 3316 001.
792 3256 845 3316 Sin
880 3264 978 3315 autern
1010 3258 1124 3316 Andria
1157 3255 1239 3329 prior
1273 3257 1372 3315 fabula

241 3366 308 3433 luit,
334 3365 381 3421 vel
409 3364 501 3422 uairlto
522 3366 584 3421 veri
608 3365 781 3423 dissimilius
804 3369 852 3422 001
872 3365 1042 3422 Terentium
1063 3361 1109 3422 bis
1133 3367 1233 3423 eadem
1254 3364 1372 3445 fallacia

242 3471 279 3529 ab
309 3471 489 3529 aduersariis
521 3489 695 3544 oppressum
725 3490 800 3529 esse.
822 3535 824 3538 ,
849 3473 899 3529 Αο
928 3476 1017 3544 putas
1049 3472 1218 3529 Terentium
1247 3469 1373 3528 insidias

243 3580 369 3651 primum
408 3580 479 3637 sibi.
505 3583 637 3637 01000100
678 3579 797 3635 01100110
836 3579 1033 3650 praeterisse,
1083 3579 1209 3637 iteratas
1256 3580 1370 3636 demum

245 3686 432 3746 stomachose
457 3686 732 3744 commemoravisse
749 3685 836 3757 idque
859 3685 912 3753 110,
937 3690 972 3743 01
995 3687 1113 3743 minime
1134 3686 1259 3744 iteratas
1282 3687 1374 3758 sigui-

244 3793 367 3852 ficeret?

336 3918 524 3976 Gravissimo
552 3927 649 3978 autem
680 3925 854 3992 argomento
884 3923 939 3978 001.
972 3919 1048 3990 quod
1082 3922 1181 3988 poeta,
1218 3922 1372 3989 postquam

245 4043 273 4082 τ.
294 4029 334 4084 24
358 4027 498 4098 populum
521 4028 626 4098 oravit,
652 4033 686 4084 01
703 4026 830 4086 animum
847 4025 1025 4093 attenderet,
1051 4042 1109 4082 non
1126 4031 1159 4082 01
1174 4029 1373 4096 pernosceret,

245 4133 314 4204 quid
339 4131 396 4189 sibi
420 4134 534 4190 Andria
559 4134 658 4204 vellet,
685 4137 737 4193 sod
762 4138 797 4190 01Ι
816 4149 890 4189 rem
912 4139 1158 4206 cognosceret
1178 4133 1198 4189 i.
1216 4149 1240 4189 0.
1258 4135 1375 4188 000100-

1162 4240 1194 4287 3(
