3326 5016
710 477 931 530 ..13-

255 651 381 709 mediam
418 667 480 708 111
516 668 548 708 se
582 645 766 725 proripuit.⁸)
804 653 853 709 Ac
887 669 961 722 qnae
996 652 1032 708 de
1067 652 1166 709 fabula
1194 651 1260 723 ipsa
1290 651 1386 708 dicere

256 758 394 826 habebat,
420 762 482 814 tam
497 757 638 827 breviter,
664 762 726 815 tam
741 757 861 832 frigide,
883 763 945 815 tam
962 759 1067 816 acerbe
1084 759 1169 827 dixit,
1195 759 1280 829 quasi
1296 757 1387 816 verba

257 867 357 922 facere
381 866 459 936 apud
482 866 631 938 populum
656 865 784 922 maxime
807 865 926 934 blanda,
957 865 1118 924 fastidiret.
1167 867 1217 923 Ita
1240 866 1267 922 si
1290 866 1386 937 prolo-

255 991 312 1048 gus
337 975 493 1047 accipitur,
518 972 592 1029 nihil
616 977 672 1042 est,
698 990 750 1030 cnr
778 973 880 1044 rapide
909 991 944 1030 ac
968 989 1060 1045 paene
1085 973 1210 1045 abrupte
1233 973 1385 1044 prologum

257 1083 294 1140 ad
322 1082 411 1140 finem
434 1080 494 1138 toti
517 1079 644 1136 orationi
668 1080 876 1136 convenienter
899 1079 929 1136 in
953 1079 1133 1166 paucissima
1155 1079 1248 1136 verba
1271 1085 1386 1136 coarta-

257 1195 321 1246 tum
344 1205 504 1262 properare
527 1187 674 1244 miremur.

347 1294 405 1354 Sed
429 1297 503 1352 haec
526 1295 680 1352 hactenus.
728 1281 892 1351 Videamus
922 1313 1008 1363 nunc,
1039 1294 1069 1351 id
1101 1294 1178 1364 quod
1208 1294 1299 1365 caput
1328 1303 1384 1360 est,

230 1479 233 1484 Ι
258 1420 326 1460 111
358 1420 429 1460 1111
463 1401 600 1458 versibus
633 1401 730 1458 tribus
764 1400 824 1456 illis
852 1401 883 1458 in
911 1401 1049 1472 Hecyrae
1081 1401 1235 1474 prologum
1262 1401 1385 1458 insertis

260 1508 365 1582 caligo,
391 1525 449 1578 qua
472 1487 557 1565 erant
581 1506 677 1576 offusi‚
702 1523 825 1578 prorsus
850 1506 891 1563 sit
913 1507 1058 1564 discussa.
1099 1506 1184 1578 Quod
1200 1505 1386 1565 infitiandum

260 1622 315 1674 est.
363 1616 423 1674 Gur
451 1616 528 1673 enim
557 1614 713 1673 Terentius
742 1614 843 1672 verbis
874 1631 1060 1684 „maxumam
1087 1619 1202 1687 partem
1231 1619 1382 1673 uestrum·

262 1741 334 1780 usus
360 1724 409 1792 sit,
434 1741 470 1779 ne
496 1740 533 1779 ex
555 1722 693 1794 Hecyrae
721 1721 844 1794 prologo
874 1721 990 1791 quidem
1018 1721 1157 1794 cognosci
1185 1726 1295 1793 potest.
1342 1721 1386 1779 Et

259 1831 325 1903 ipse
348 1830 496 1888 Dziatzko
519 1829 571 1885 illa
592 1827 684 1885 verba
705 1828 781 1885 mira
797 1833 827 1884 et
844 1828 969 1884 obscura
986 1845 1052 1885 esse
1068 1828 1191 1886 fatetur.
1239 1827 1387 1900 Quamdiu

259 1943 357 1996 autem
390 1937 442 1994 illa
474 1937 567 1994 verba
599 1935 786 1993 tenebricosa
819 1941 948 2004 manent,
983 1936 1118 2007 quaestio
1147 1937 1183 1993 de
1213 1937 1282 1994 sede
1305 1937 1387 1996 iusta

258 2047 349 2103 trium
376 2045 494 2102 illorum
516 2060 655 2100 versuum
683 2043 826 2101 instituta
858 2061 915 2100 non
948 2061 1015 2100 esse
1049 2043 1193 2115 perducta
1227 2045 1264 2101 ad
1300 2043 1386 2101 finem

259 2153 386 2210 videtur.
435 2150 513 2208 Illud
536 2150 653 2222 quidem
677 2168 735 2208 non
759 2151 879 2208 dubium
902 2157 958 2218 est,
984 2151 1054 2221 quin
1077 2168 1135 2207 non
1160 2155 1270 2209 temere
1299 2169 1386 2223 quos-

261 2260 326 2316 dam
358 2277 395 2316 ex
427 2257 647 2330 spectatoribus
680 2257 836 2316 Terentius
869 2258 1025 2326 exemerit;
1070 2275 1134 2315 eam
1167 2257 1261 2331 igitur
1294 2259 1387 2316 solam

262 2367 370 2423 instem
391 2367 490 2423 sedem
506 2365 622 2421 illorum
638 2381 777 2422 versuum
795 2381 866 2422 esse
883 2365 1014 2422 indicare
1030 2365 1109 2434 licet,
1128 2382 1194 2436 qna,
1212 2366 1261 2436 qui
1276 2366 1388 2424 fuerint

262 2473 305 2530 illi
340 2472 436 2545 pauci,
472 2489 544 2543 qnos
579 2478 668 2543 poeta
700 2471 788 2528 eximi
816 2472 921 2540 voluit,
953 2472 1117 2530 edocemur.
1165 2471 1261 2544 Quam
1289 2473 1388 2531 sedern

261 2580 411 2637 invenisse
434 2580 505 2636 mibi
528 2579 640 2636 videor.
688 2577 724 2635 In
749 2579 907 2650 Adelphon
931 2579 1007 2636 enim
1032 2581 1154 2653 prologo
1182 2580 1261 2638 int-er
1291 2597 1318 2637 1.
1347 2584 1387 2637 14

263 2691 293 2745 et
316 2703 345 2744 1.
373 2677 412 2745 15
439 2687 534 2744 oratic
557 2686 631 2743 hiat.
679 2686 842 2756 Postquam
867 2685 944 2742 enim
967 2686 1104 2743 versibus
1128 2690 1235 2744 1—14
1258 2688 1294 2744 de
1314 2688 1387 2744 furti

261 2792 381 2851 crimine
406 2810 438 2850 se
463 2793 602 2861 defendit,
628 2793 711 2850 cuius
736 2791 915 2850 defensionis
940 2794 1065 2850 extremi
1088 2810 1193 2851 versus
1218 2799 1289 2852 sunt
1312 2794 1357 2851 hi:

356 2893 403 2963 (¹²)
423 2896 491 2948 llam
510 2911 558 2948 nos
578 2895 664 2949 acturi
683 2913 774 2949 sumus
793 2912 903 2949 nouam:
923 2894 1074 2963 pernoscite

422 2983 571 3037 Furtumne
591 2983 693 3039 factum
712 2983 882 3039 existumetis
901 3003 935 3038 11
954 2985 1040 3038 locum

327 3127 329 3134 Α
421 3071 598 3140 Repremnm,
618 3072 663 3140 qui
682 3073 845 3142 praeteritus
864 3073 1070 3143 neglegentiast.

259 3175 430 3233 'Ferentium
453 3173 588 3232 videmus
613 3193 737 3248 pergere
762 3177 820 3234 sic:

423 3277 492 3329 Nam
510 3277 580 3344 qued
599 3277 645 3332 isti
665 3279 758 3332 dicunt
775 3279 902 3345 maliuoli,
922 3280 1042 3334 homines
1062 3279 1157 3333 nobilis

422 3365 492 3419 Eum
511 3366 633 3422 adiutare
652 3368 814 3434 adsidueque
832 3386 885 3422 una
903 3367 1032 3423 scribere:

425 3454 504 3522 Quod
523 3454 562 3508 illi
581 3455 752 3510 maledictum
771 3474 881 3512 uemcns
900 3475 959 3512 esse
979 3457 1153 3523 existumant,

421 3545 489 3598 Eam
508 3545 612 3599 laudem
632 3544 675 3598 hic
694 3546 769 3599 ducit
787 3564 938 3600 maxumam
958 3566 979 3600 e.
1001 3565 1025 3615 q.
1045 3566 1066 3603 s.

350 3646 415 3703 Hos
445 3647 517 3704 duos
546 3648 626 3704 locos
655 3649 735 3705 inter
766 3666 798 3705 se
828 3649 987 3707 dissimiles
1017 3667 1053 3708 ac
1083 3651 1218 3709 diversas
1243 3651 1389 3723 particula

263 3758 370 3822 „naml
402 3771 459 3811 non
487 3771 575 3827 posse
606 3755 721 3812 conecti
754 3756 818 3813 luce
853 3756 961 3813 elarius
997 3763 1053 3815 est.
1100 3759 1186 3816 Duae
1219 3763 1289 3816 sunt
1323 3759 1389 3816 riae

262 3861 450 3919 emendandi:
476 3865 529 3918 aut
554 3868 659 3932 „nam“
687 3861 717 3918 iu
745 3867 847 3932 ‚‚tum“
873 3864 1045 3921 mutandum
1070 3869 1126 3933 est,
1157 3880 1214 3934 qua
1242 3865 1390 3937 particula

261 3968 417 4025 Terent-ius
442 3987 459 4026 a
482 3969 600 4041 repulso
625 3969 745 4026 erimine
770 3971 807 4026 ad
832 3971 957 4028 alterum
981 3972 1211 4042 propulsandum
1239 3973 1389 4030 transiens

263 4079 477 4090 ——...—-.—-

351 4124 372 4191 ⁸)
392 4125 460 4178 Pars
480 4124 612 4194 specialis,
632 4130 661 4177 nt
682 4124 709 4178 in
728 4125 824 4180 ceteris
844 4125 970 4195 prologis
995 4143 1011 4179 a
1033 4125 1139 4181 nomine
1161 4126 1266 4182 fabulae
1285 4127 1390 4183 initium

263 4211 341 4280 capit,
363 4231 395 4267 ex
414 4231 466 4281 qna
485 4231 514 4267 re
532 4213 640 4268 minime
659 4213 767 4268 insolita
787 4231 851 4268 care
870 4231 903 4268 ne
921 4212 1031 4268 nimium
1050 4215 1199 4270 concludas.
