3326 5016
718 454 941 510 „15„.

265 634 373 706 quippe
396 633 446 704 qui
471 632 543 690 solis
567 630 704 688 versibus
723 634 851 689 15—21
874 632 948 703 prol.
966 631 1026 687 Ad.
1044 629 1213 688 Terentium
1237 647 1270 688 se
1295 631 1395 689 deien-

265 741 346 798 disse
370 744 501 812 putaret.
541 739 637 796 Multo
660 754 731 795 vero
748 739 846 795 acrius
862 742 981 810 poetam
1006 755 1038 793 se
1062 740 1194 795 tutatum
1211 754 1277 795 esse
1300 743 1394 810 patet,

265 847 292 904 si
319 863 426 904 versus
455 845 500 902 illi
527 849 591 902 tres
622 849 691 902 ante
720 861 749 902 v.
781 847 820 902 15
851 844 925 917 prol.
955 844 1016 902 Ad.
1046 843 1200 916 leguntur3
1241 843 1289 902 his
1318 845 1395 917 ipsis

266 954 343 1012 enim
366 953 494 1011 maxime
517 951 599 1008 illam
630 951 827 1022 suspicionem
851 950 971 1019 refellit,
1002 966 1090 1020 quum
1114 951 1226 1008 diceret
1250 951 1307 1009 sibi
1330 969 1396 1024 per·

266 1035 388 1117 suasum
412 1075 479 1120 esse
505 1074 606 1116 omnes
630 1063 750 1129 praeter
778 1073 889 1129 paucos
913 1055 1068 1115 malivolos
1091 1057 1234 1127 homines
1261 1058 1326 1128 quis
1350 1058 1395 1116 ia·

266 1167 366 1224 bulem
394 1165 577 1239 scripsisset,
609 1168 690 1222 certo
719 1163 805 1221 scire.
862 1161 1007 1222 Similiter
1036 1181 1068 1221 se
1097 1164 1229 1222 defendit
1256 1165 1395 1223 versibus

266 1273 340 1344 prol.
360 1273 475 1346 ¹Heaut.
502 1275 543 1332 25
568 1287 612 1342 sq.

427 1391 578 1446 Arbitrium
596 1395 726 1458 uestrum,
746 1397 839 1446 uestra
858 1391 1028 1447 existumatio
1048 1391 1167 1446 Velebit.

267 1503 317 1560 Ita
357 1521 426 1562 vero
465 1505 513 1564 bis
555 1505 592 1562 ad
632 1505 771 1577 populum
810 1508 1020 1576 provocantem
1060 1507 1178 1574 poetam
1220 1504 1328 1562 leviter
1363 1521 1395 1561 se

267 1615 396 1668 tutatum
431 1629 498 1670 esse
533 1628 590 1682 quo
625 1611 690 1668 iure
726 1610 866 1668 affirmari
901 1610 1007 1682 possit,
1044 1627 1102 1668 non
1125 1610 1221 1669 video.
1269 1612 1395 1669 Tantum

267 1717 360 1790 igitur
384 1717 479 1786 abest,
510 1724 545 1775 ut
573 1723 664 1790 poeta
686 1719 751 1789 ipse
782 1719 917 1775 consulto
942 1717 1138 1789 suspicionem
1161 1717 1242 1776 illam
1267 1718 1393 1787 auxerit,
1452 1731 1454 1734 ·

266 1829 301 1881 ut
324 1843 384 1882 non
405 1825 502 1882 minus
528 1830 648 1882 strenue
672 1842 744 1882 suae
760 1824 856 1882 famae
877 1830 964 1896 atque
982 1823 1197 1883 existimationi
1214 1824 1396 1882 consuluerit

267 1947 356 2001 quam
380 1932 532 2004 eleganter
555 1933 658 1990 laudes
683 1937 713 1990 et
735 1932 851 2004 gratias
876 1930 978 1991 amicis
1002 1930 1151 1988 nobilibus
1175 1932 1280 2005 egerit.

355 2037 468 2096 Restat
490 2043 525 2096 nt
548 2039 704 2096 ostendere
727 2056 824 2105 coner,
850 2054 908 2108 qua
931 2037 981 2094 via
1004 2042 1066 2094 tres
1090 2037 1134 2095 illi
1157 2055 1263 2096 versus
1287 2039 1403 2116 falsum¹

266 2144 295 2201 in
318 2145 416 2202 locum
439 2139 623 2218 irrepserint.
670 2145 714 2204 Et
736 2146 767 2202 in
791 2146 913 2218 prologo
936 2145 1048 2202 Heaut.
1074 2150 1104 2202 et
1128 2145 1158 2202 in
1174 2144 1303 2217 Adelph.
1327 2161 1394 2218 prc-

264 2252 332 2324 lcgo
348 2251 505 2310 Terentius
523 2253 664 2310 nobilium
681 2253 839 2310 amicorum
855 2251 1034 2310 mentionem
1050 2251 1131 2309 fecit.
1172 2251 1272 2309 Locus
1289 2252 1394 2309 similis

267 2374 303 2414 ex
318 2359 440 2432 prologo
455 2358 585 2431 Adelph.
607 2358 745 2416 versibus
764 2361 894 2416 22-25
915 2359 990 2431 prol.
1015 2359 1127 2416 Heaut.
1150 2357 1319 2430 adscriptus
1337 2363 1393 2428 est,

265 2463 316 2521 ille
331 2463 448 2535 quidem
464 2481 523 2522 non
539 2469 632 2536 totus
658 2467 710 2523 sed
727 2467 821 2523 solum
843 2465 906 2523 eius
923 2465 1041 2523 initium
1057 2466 1077 2522 i.
1096 2482 1120 2522 e.
1138 2469 1201 2522 tres
1217 2465 1261 2522 illi
1276 2481 1392 2523 versus,

266 2571 324 2643 Qui
347 2572 415 2642 quid
439 2572 497 2629 sibi
519 2572 640 2642 vellent,
672 2587 760 2644 quum
788 2577 894 2645 postea
924 2590 1076 2644 perperam
1101 2572 1327 2646 intellegeretur
1350 2605 1393 2614 -

265 2682 296 2735 et
323 2695 394 2736 vero
422 2683 536 2736 rectem
559 2696 698 2736 versuum
729 2678 923 2749 sententiam,
954 2679 1013 2737 nisi
1041 2684 1123 2737 totus
1152 2680 1271 2752 legatur
1298 2680 1391 2748 locus,

263 2785 316 2842 vix
340 2785 480 2860 cognosci
502 2803 591 2858 posse
607 2785 760 2844 fatendum
782 2792 829 2844 est
853 2819 896 2826 -
919 2803 1025 2842 versus
1048 2786 1164 2859 prologi
1187 2786 1299 2843 Heaut.
1325 2803 1392 2844 esse

263 2894 461 2964 putabantur;
487 2909 546 2963 qua
569 2893 604 2950 de
621 2909 712 2950 causa
736 2909 770 2950 eo
793 2892 900 2949 inserti
924 2897 1002 2961 sunt,
1028 2890 1078 2948 ubi
1103 2893 1128 2948 si
1151 2909 1210 2948 non
1234 2896 1303 2964 apte
1328 2909 1392 2950 cum

263 2999 371 3057 vicinis
394 2999 532 3056 versibus
549 3000 716 3069 cohaerere,
742 3005 774 3056 at
798 3004 879 3056 certe
902 2999 1025 3056 tolerari
1048 3015 1137 3070 posse
1159 2999 1346 3056 videbantur.

350 3105 410 3164 Sed
434 3107 588 3164 redeamus
612 3107 650 3164 ad
673 3106 827 3179 prologum
850 3105 1197 3163 Heautontimorumenu.
1244 3105 1392 3163 Versibus

263 3216 347 3272 7—e
372 3212 494 3269 remotis
517 3229 637 3269 versinn
662 3216 680 3268 6

423 3316 530 3382 Duplex
549 3331 616 3381 quae
636 3333 668 3368 ex
687 3320 843 3384 argumento
863 3315 936 3369 iacta
955 3319 998 3369 est
1016 3314 1129 3383 simplici

234 3400 237 3404 ⁴
260 3426 317 3480 quo
334 3408 435 3466 fabula
452 3407 654 3464 contaminata
670 3408 864 3481 significatur,
883 3408 1037 3479 aptissime
1054 3413 1216 3478 sequuntur
1227 3425 1332 3465 versus
1345 3408 1390 3466 hi:

423 3520 492 3573 Nem
512 3518 582 3585 quod
599 3535 719 3574 rumores
740 3519 904 3574 distulerunt
922 3518 1049 3584 maliuoli,

423 3607 524 3662 Multas
544 3605 740 3662 contaminasse
760 3608 888 3673 Graecas
909 3609 971 3662 dum
991 3608 1057 3662 facit

422 3696 527 3751 Paucas
547 3695 673 3750 Latinas:
694 3695 794 3749 factum
814 3696 841 3750 id
860 3714 919 3752 esse
937 3697 981 3752 hic
999 3715 1051 3751 non
1069 3703 1160 3765 neget,

422 3785 515 3852 Neque
534 3803 564 3840 se
583 3784 674 3854 pigere
694 3792 722 3840 et
741 3784 835 3840 deinde
854 3787 988 3840 l'actnrum
1008 3791 1138 3840 autumat.

422 3873 515 3928 Habet
533 3874 662 3927 bonorum
682 3873 840 3941 exemplum,
860 3892 910 3943 quo
931 3877 1050 3943 exemplo
1070 3874 1121 3929 sibi

422 3962 518 4016 Licere
537 3962 564 4015 id
584 3962 672 4018 lacere
692 3963 762 4030 quod
780 3952 820 4016 illi
839 3963 962 4028 fecerunt
979 3970 1066 4032 putat.

350 4064 465 4122 Deinde
494 4065 632 4122 versibus
657 4068 801 4122 22—27
836 4067 946 4123 crimen
975 4068 1010 4124 de
1040 4066 1207 4126 hominibus
1239 4067 1390 4126 nobilibus

236 4194 238 4200 ’
262 4170 466 4230 adintentibus
491 4171 528 4228 ab
553 4172 734 4229 adversariis
760 4172 883 4230 dilatum
906 4174 1063 4231 Terentius
1087 4174 1211 4245 refellitg
1237 4179 1301 4232 tum
1324 4193 1389 4233 vcr-
