3326 5016
701 467 920 522 -23-

246 646 491 720 excogitaverat,
549 650 610 704 tam
664 647 729 703 leve
785 648 858 713 eret,
916 647 949 700 ut
1004 643 1097 701 inscio
1153 659 1222 700 seue
1272 647 1376 713 posset

245 754 332 812 fieri?
366 753 425 812 Eia
459 771 540 822 vero,
576 752 718 811 meretrix
752 769 862 824 procax
897 755 927 808 ct
967 735 1141 822 sumptuosa
1180 767 1244 808 cum
1283 766 1376 823 grege

246 861 421 920 ancillarum
452 863 566 920 domum
594 858 713 918 honesti
741 863 771 917 et
798 858 901 933 gravis
931 857 1011 916 senis
1041 857 1218 915 devertitur!
1270 856 1377 914 Miram

247 969 329 1027 illam
352 969 468 1040 quidem
493 967 738 1041 hospitalitatem,
761 965 788 1023 si
809 965 958 1038 permissu
982 964 1062 1022 senis
1084 964 1226 1022 meretrix
1248 964 1374 1034 veniret,

246 1076 300 1133 sed
329 1075 531 1134 incredibilem
558 1075 701 1148 prolecto,
734 1073 769 1144 si,
800 1078 834 1131 ut
864 1073 895 1130 13
924 1076 1028 1130 nostra
1051 1071 1202 1130 comoedia
1225 1071 1268 1142 fit,
1295 1071 1376 1130 senis

248 1182 336 1241 venia
364 1199 458 1254 neque
487 1183 584 1255 petita
614 1198 708 1254 neque
738 1180 809 1239 data
839 1179 900 1238 est!
940 1179 985 1236 At
1013 1183 1100 1238 extra
1123 1196 1241 1236 scenam
1264 1179 1377 1236 iactum

247 1307 325 1360 esse,
351 1295 385 1358 ut
411 1289 553 1347 Chremes
577 1289 690 1346 veniam
716 1287 796 1345 illam
821 1288 913 1356 daret,
940 1303 1055 1344 sumere
1077 1286 1158 1358 licet.
1202 1285 1323 1344 Minime
1347 1286 1374 1342 id

245 1397 381 1468 quidem!
427 1398 505 1454 Nam
534 1394 628 1469 Syrus
656 1395 686 1452 iu
710 1395 810 1452 urbem
835 1394 922 1464 abiit,
953 1394 1124 1466 priusquam
1153 1392 1283 1465 Clitipho
1311 1410 1376 1450 cum

246 1509 333 1575 patre
351 1497 514 1562 collocutus
539 1507 586 1560 est
604 1519 724 1574 eumque
742 1503 776 1560 de
800 1501 897 1560 reditu
914 1501 1028 1560 Cliniae
1045 1501 1170 1559 edocuit.
1201 1499 1247 1558 Cf.
1264 1517 1292 1558 r.
1313 1503 1372 1557 191

283 1643 360 1696 Nunc
379 1643 512 1698 seruolum
526 1642 632 1698 adeam
650 1639 678 1694 in
697 1642 790 1696 urbem
810 1639 891 1706 misit,
911 1645 939 1695 et
958 1659 1007 1710 ego
1026 1645 1148 1696 nostrum
1168 1656 1220 1693 una
1233 1637 1340 1708 Syrum.

339 1754 406 1812 Hoc
442 1754 468 1810 si
500 1753 683 1826 respexeris
713 1769 787 1822 quac
815 1770 833 1811 3
862 1751 938 1825 Syro
967 1753 998 1810 iu
1025 1753 1098 1810 mbe
1122 1756 1190 1809 aeta
1214 1757 1292 1820 suut,
1318 1767 1377 1808 non

246 1863 332 1918 ruodo
357 1867 476 1929 temere,
503 1861 555 1918 sed
580 1861 731 1917 dementer
754 1864 823 1918 aeta
843 1877 909 1916 esse
934 1878 991 1918 nou
1015 1877 1116 1934 neges
1153 1860 1201 1916 Ac
1224 1875 1376 1916 reversum

251 1985 290 2025 ex
313 1969 385 2026 urbe
402 1966 510 2041 Syrum
533 1969 578 2026 ita
594 1985 626 2025 sc
641 1985 745 2041 gerere
762 1967 904 2036 videmus,
930 1967 1016 2038 quasi
1031 1985 1080 2025 res
1097 1967 1174 2024 iuter
1191 1965 1377 2023 Chremetem

247 2079 279 2132 et
305 2075 510 2134 adulescentes
535 2075 620 2148 plane
645 2074 842 2133 convenisset.
890 2075 935 2144 Os,
961 2093 989 2132 u.
1016 2077 1080 2132 332
1105 2092 1148 2145 sq.

899 2194 1126 2250 Adsimrdabimus

573 2287 658 2340 Tuam
678 2283 789 2339 amicam
807 2283 884 2338 huius
906 2301 972 2341 esse.

249 2402 280 2454 et
302 2415 330 2456 v.
357 2400 420 2456 254
446 2416 488 2469 sq.

356 2518 393 2572 Di
412 2517 482 2584 boni,
502 2518 564 2586 quid
584 2519 717 2573 turbeest!
738 2518 817 2572 aedes
836 2524 944 2574 nostrae
964 2518 1008 2572 uix
1019 2517 1132 2586 capient,
1152 2517 1214 2573 scio.

358 2607 429 2676 Quid
442 2608 593 2662 comedent!
613 2607 676 2675 quid
689 2605 809 2662 ebibent!
829 2607 893 2675 quid
906 2625 968 2662 seue
987 2607 1039 2662 orit
1052 2611 1145 2662 nostro
1165 2606 1305 2662 miserius?

339 2719 575 2791 (quantacunque
602 2736 673 2777 vero
701 2719 823 2777 licentia
852 2724 1006 2792 poctarum
1035 2718 1102 2790 fuit,
1133 2723 1195 2778 tam
1219 2719 1376 2776 absurdam

249 2825 384 2897 protasin
408 2842 580 2897 quemquam
604 2843 641 2883 ex
662 2825 786 2884 Graccis
811 2825 929 2884 comicis
954 2825 1143 2899 excogitasse
1166 2826 1232 2897 quis
1257 2826 1376 2884 credat?

250 2933 353 3003 Neque
388 2933 543 2992 Terentius
583 2937 669 2990 tanta
705 2933 785 2990 vitia
815 2933 991 3005 exemplaris
1026 2949 1084 2990 uon
1117 2932 1246 2990 vidisset
1282 2949 1375 3003 neque

248 3039 406 3098 immutata
435 3040 613 3111 reliquisset.
662 3040 739 3114 Quid
773 3041 885 3098 multa?
932 3039 999 3098 Non
1029 3039 1144 3098 Gracco
1173 3045 1293 3111 poetae,
1324 3042 1375 3098 sed

249 3148 461 3205 coutaminauti
485 3147 595 3205 Latino
618 3147 694 3205 vitia
716 3147 769 3205 1113
792 3146 944 3206 debentur.

340 3253 879 3328 1333113333311331331333133131
902 3255 1023 3324 leuiora,
1048 3261 1148 3312 tamen
1172 3255 1247 3312 satis
1271 3254 1376 3311 idonea

249 3361 423 3418 admotam
448 3363 644 3435 suspicionem
668 3363 848 3420 firmandam.

341 3467 414 3526 Cum
437 3467 574 3526 versibus
601 3473 641 3528 53
667 3486 710 3540 sq.

413 3589 581 3657 Quamquam
598 3590 665 3644 haee
682 3589 754 3646 inter
771 3605 821 3644 uos
834 3607 918 3658 nuper
929 3589 1027 3644 notitia
1047 3589 1215 3643 admodumst

410 3677 477 3734 Inde
491 3679 555 3734 adeo
569 3696 647 3746 quom
661 3695 754 3748 agrum
767 3677 795 3730 in
813 3695 941 3745 proxumo
960 3678 1003 3734 hic
1022 3682 1156 3732 mercatus
1176 3695 1205 3732 es

251 3805 311 3845 nou
335 3796 501 3862 congruunt
525 3789 703 3862 Clitiphonis
726 3790 818 3847 verba
840 3806 869 3846 v.
897 3792 959 3848 183
985 3806 1028 3860 sq.

506 3909 566 3946 nam
585 3891 649 3946 mihi
668 3909 765 3961 magna
785 3908 842 3945 crum
863 3909 894 3946 co
913 3891 967 3946 iem
986 3891 1046 3946 iude
1066 3910 1082 3946 a
1099 3891 1215 3961 pueritia

411 3981 476 4035 Fuit
494 3998 598 4049 semper
616 3980 792 4036 familiaritas.

339 4095 389 4151 Au
413 4093 460 4149 vel
485 4092 514 4148 13
539 4092 689 4150 comoedia
704 4092 865 4149 verisimile
881 4098 928 4151 est
944 4092 1022 4150 inter
1038 4091 1115 4152 filios
1139 4094 1197 4151 iam
1213 4113 1231 4152 3
1246 4095 1375 4167 pucritia

249 4218 386 4275 magnam
415 4199 656 4269 tauriliaritatem
692 4201 771 4258 iuter
805 4204 905 4272 patres
940 4199 1049 4257 nullam
1083 4217 1205 4272 prorsus
1237 4201 1375 4260 notitiam
