3326 5016
688 450 907 504 .„17.„

400 621 477 673 Nunc
497 620 575 674 turba
593 639 644 674 nou
666 627 720 674 ost:
741 620 825 674 otium
845 624 872 674 et
891 619 1026 674 silentium
1046 626 1100 674 est:

400 709 507 777 Agendi
528 715 633 777 tempus
652 708 716 763 milri
736 710 866 763 datumst:
887 708 962 764 uobis
981 709 1060 762 datur

399 799 528 851 Potestas
549 798 740 853 condecorandi
760 799 835 852 ludos
855 798 997 852 scaenicos.

234 912 342 984 Pergit
368 911 522 982 prologus:

400 1032 502 1086 Adeste
522 1048 605 1098 aequo
625 1029 725 1084 animo:
746 1032 808 1084 date
827 1034 989 1098 potestatem
1010 1030 1073 1084 milri

399 1120 544 1184 Statariam
565 1136 644 1190 agere
664 1137 686 1173 c.
707 1137 732 1185 q.
752 1137 773 1174 s.

326 1234 483 1292 Praeclare
512 1231 604 1289 verba
635 1232 723 1300 „date
751 1234 931 1302 potestatem
964 1231 1053 1288 mihi“
1086 1233 1237 1304 excipiunt
1266 1231 1363 1303 priora

237 1342 286 1399 illa
315 1341 418 1412 „uobis
443 1342 531 1398 datur
553 1339 727 1398 Potestas“

326 1449 488 1505 Videamus
522 1461 613 1514 nunc,
649 1444 717 1515 quid
749 1445 885 1502 versibus
915 1448 1046 1503 38-49
1079 1447 1193 1520 prologi
1225 1447 1363 1520 Hecyrae

237 1556 298 1613 fiet.
349 1556 394 1612 Ao
417 1555 542 1626 primum
567 1553 602 1610 de
627 1570 714 1610 versu
741 1557 781 1610 47
808 1553 904 1610 dicam

398 1676 459 1729 Mea
478 1692 557 1728 causa
577 1692 684 1729 (tonsam
704 1673 816 1743 accipite
837 1681 866 1729 ct
884 1675 946 1729 date
965 1674 1107 1729 silentium.

326 1788 384 1860 Qui
407 1787 438 1844 in
462 1803 496 1844 eo
513 1786 635 1858 prologo
651 1803 708 1844 nou
725 1804 791 1844 csse
808 1791 917 1858 potest⁷
945 1787 973 1843 in
998 1804 1054 1858 quo
1079 1788 1179 1844 eadem
1203 1805 1250 1844 res
1276 1793 1363 1844 antea

233 1895 283 1950 his
306 1895 441 1952 versibus

397 2015 457 2068 Mea
477 2033 556 2068 cause
574 2032 680 2071 causum
700 2017 770 2068 haue
790 2015 886 2069 iustam
907 2033 965 2070 cssc
986 2015 1102 2069 inducito

232 2095 267 2147 ct

399 2176 502 2232 Adeste
520 2193 604 2242 aequo
624 2174 724 2230 animo:
745 2175 807 2232 date
827 2182 990 2245 potestatem
1011 2174 1075 2229 milri

396 2264 542 2319 Statariam
562 2283 641 2335 agere
660 2270 692 2318 ut
710 2265 790 2320 liceat
808 2283 856 2334 per
875 2264 1018 2321 silentium.

231 2379 374 2450 expedita
397 2381 458 2447 est3
483 2393 541 2448 qua
566 2377 601 2434 de
625 2394 715 2436 causa
740 2395 775 2434 ex
792 2377 914 2449 prologo
930 2377 1068 2450 Hecyrae
1085 2377 1278 2434 removendus
1303 2382 1359 2434 est.

233 2485 366 2543 Eandem
390 2490 488 2543 autem
512 2484 661 2542 fortunam
684 2501 790 2542 versus
815 2488 855 2541 48
882 2488 913 2541 et
936 2486 978 2541 49
1003 2501 1068 2542 eum
1091 2483 1142 2541 illo
1167 2483 1360 2542 cohaerentes

233 2593 311 2650 ferre
339 2607 462 2652 necesse
492 2597 546 2647 est.
595 2592 638 2648 At
668 2591 711 2648 ita
740 2591 822 2649 exitu
851 2591 973 2649 orbatus
1002 2592 1142 2665 prologus
1170 2591 1199 2648 in
1224 2589 1361 2648 versibus

230 2699 344 2757 desinit
372 2716 430 2756 non
458 2697 586 2764 idoneis.
621 2698 727 2767 quibus
756 2700 852 2757 oratio
882 2699 997 2772 prologi
1029 2698 1234 2756 concludatur!
1282 2695 1360 2754 Sane

229 2806 390 2864 Terentius
414 2810 562 2863 extremos
585 2821 691 2861 versus
715 2806 904 2880 prologorum
929 2807 965 2863 ad
990 2811 1101 2863 certam
1125 2805 1268 2875 quandam
1293 2822 1360 2862 nor·

230 2931 309 2971 mam
335 2913 465 2984 scripsit.
514 2911 560 2968 Of.
586 2910 661 2968 Hec.
686 2913 759 2983 prol.
786 2913 801 2968 Ι
824 2931 852 2971 v.
880 2916 898 2970 8

449 3015 524 3068 Alias
544 3013 680 3083 cognostis
700 3013 770 3069 eins:
790 3033 888 3082 quaeso
907 3017 975 3071 hanc
995 3015 1104 3070 noscite.

233 3111 360 3183 Adelph.
386 3110 458 3181 prol.
484 3126 513 3168 r.
539 3111 580 3164 24
606 3125 648 3178 sq.

823 3210 904 3266 facite
923 3210 1115 3279 aequanimitas

447 3301 548 3354 Poetae
568 3299 602 3353 ad
621 3299 789 3355 scribendum
807 3307 905 3370 augeat
924 3298 1089 3356 industriam.

183 3452 185 3457 .
232 3397 350 3454 Phorm.
376 3394 449 3467 prol.
475 3409 503 3450 v,
531 3396 573 3449 30
598 3408 660 3464 sqq.

393 3496 464 3550 Date
483 3511 599 3562 operam,
620 3495 714 3552 adeste
733 3515 816 3565 aequo
837 3497 924 3552 enimc
944 3513 991 3565 per
1010 3495 1143 3551 silentium

392 3586 432 3639 Ne
451 3602 473 3638 e.
494 3601 519 3650 q.
540 3601 561 3638 s.

231 3683 311 3740 And.
336 3680 409 3752 prol.
435 3696 462 3735 r.
490 3681 530 3735 34
556 3695 619 3749 sqq.

392 3784 503 3847 Facete,
523 3780 615 3836 adeste
637 3799 719 3850 aequo
739 3783 825 3837 animo
845 3791 873 3838 et
891 3801 947 3837 rem
966 3782 1121 3850 cognoscite

392 3875 433 3927 Vt
452 3893 473 3929 e.
494 3893 518 3942 q.
539 3893 560 3928 s.

227 3971 307 4028 ‚Eun
334 3970 407 4040 prol.
433 3987 460 4026 r.
489 3973 530 4026 44
556 3987 600 4040 sq.

446 4073 517 4126 Date
537 4089 652 4140 operam,
674 4088 732 4125 cum
753 4069 858 4124 silentio
878 4068 994 4124 aninnuu
1014 4068 1145 4124 attendite

446 4162 615 4228 Weqs

1143 4253 1159 4299 2
