3326 5016
749 411 947 462 „g-

288 583 387 640 Versu
412 586 431 639 4
460 583 554 657 igitur
587 584 665 641 idem
700 583 760 640 iarn
792 585 880 656 plane
911 584 1078 656 expositum
1119 589 1179 653 est,
1222 584 1299 654 quod
1327 599 1417 639 versu

290 694 308 747 6
326 707 344 747 a
360 689 520 762 Lessingio
536 691 653 748 variato
672 691 837 762 exponitur.
875 690 1053 764 Lessingius
1071 695 1179 758 autem,
1197 690 1247 760 qui
1263 690 1328 761 ipse
1344 691 1418 746 duos

289 795 357 853 illos
381 813 487 854 versus
511 797 589 854 idem
615 796 673 854 sibi
696 797 773 854 velle
795 797 915 854 minime
939 797 1071 871 negavit,
1102 815 1161 854 uon
1189 797 1330 865 ostendit,
1361 814 1418 866 qua

245 982 248 990 Ι
290 905 325 961 de
361 920 453 960 causa
493 903 649 962 Terentius
690 905 811 961 eandem
852 921 914 962 rem
956 904 1069 962 duobus
1108 905 1255 973 versibus
1296 920 1418 974 quorum

290 1012 434 1068 alteruter
457 1011 632 1081 sufficiebat,
659 1011 807 1084 explicare
831 1012 986 1069 voluisset.

380 1117 464 1190 Quod
499 1119 534 1176 de
568 1118 662 1176 forma
697 1118 899 1192 Lessingiana
933 1118 1045 1177 dietum
1079 1122 1140 1189 est,
1174 1119 1252 1175 idem
1277 1119 1348 1174 'iere
1384 1119 1419 1174 de

290 1226 385 1282 forma
421 1223 558 1296 „Duplex
584 1272 589 1282 .
617 1271 623 1282 .
651 1272 656 1282 .
691 1225 818 1296 dupliei“
857 1224 915 1282 dici
950 1229 1065 1296 potest;
1102 1242 1171 1282 nam
1207 1241 1282 1296 quae
1317 1223 1420 1282 fabula

291 1332 399 1404 duplex
434 1349 470 1388 ex
505 1331 614 1403 duplici
649 1335 822 1405 argumento
862 1332 944 1389 faeta
983 1337 1040 1400 est,
1086 1332 1186 1389 eadem
1224 1332 1343 1405 integra
1382 1347 1420 1388 ex

289 1439 409 1512 integra
438 1437 554 1496 Graeca
588 1439 669 1496 facta
699 1444 755 1496 est.
807 1439 934 1496 Aooedit
971 1440 1057 1510 quod,
1094 1457 1168 1510 quae
1205 1439 1246 1496 sit
1279 1454 1351 1496 vera
1386 1442 1417 1495 et

290 1546 410 1618 propria
427 1545 607 1619 significatio
623 1547 781 1604 verborum
801 1547 928 1618 „duplex
945 1546 1046 1603 fabula
1062 1563 1099 1604 ex
1116 1546 1226 1618 duplici
1242 1550 1418 1618 argumento

291 1655 403 1722 saota“‚
433 1669 537 1725 parum
565 1652 760 1726 intellegitur.
809 1652 892 1725 Quae
921 1654 1012 1711 verba
1043 1660 1125 1710 reete
1159 1652 1293 1726 intellegi
1329 1669 1417 1723 quum

291 1762 391 1834 magni
415 1760 536 1818 intersit
561 1761 597 1817 ad
621 1764 755 1817 nostram
777 1761 854 1816 hano
877 1760 1089 1831 quaestionem,
1115 1759 1184 1830 quid
1205 1760 1240 1816 de
1262 1776 1361 1816 eorum
1384 1759 1414 1815 vi

293 1869 427 1938 sentiam,
450 1868 509 1924 iam
529 1868 692 1924 ostendam.

382 1974 459 2032 Sane
475 1974 550 2031 bene
566 1974 766 2047 intellegimus
779 1975 870 2032 verba
890 1974 1037 2043 „fabulam
1051 1991 1087 2031 ex
1100 1980 1273 2047 argumento
1289 1974 1419 2037 faeere“,

293 2099 367 2152 quae
383 2081 427 2138 sie
443 2085 513 2139 sunt
529 2081 718 2152 exprimenda
738 2082 822 2150 „Aus
836 2081 930 2138 einem
943 2081 1160 2138 dramatisohen
1174 2078 1253 2138 Stoff
1266 2080 1312 2137 ein
1326 2078 1422 2137 Stuok

292 2188 447 2246 machen“.
478 2190 698 2262 Argumentum
714 2187 808 2261 igitur
831 2188 891 2244 alia
911 2192 959 2245 est
982 2205 1016 2244 ac
1032 2188 1133 2244 fabula
1147 2205 1195 2244 res
1213 2203 1305 2257 eaque
1320 2186 1420 2244 latior.

293 2293 353 2354 Sed
382 2296 437 2352 hoc
466 2295 547 2352 valet
573 2295 603 2351 in
633 2311 683 2351 eos
717 2295 873 2353 dumtaxat
901 2299 1016 2366 poetae,
1046 2294 1095 2364 qui
1126 2311 1179 2351 suo
1208 2293 1326 2367 ingenio
1350 2293 1422 2350 freti

294 2403 418 2459 aliorum
436 2402 545 2460 fabulis
561 2419 618 2460 non
636 2401 777 2458 adhibitis
794 2402 947 2458 materiem
962 2405 1177 2472 tractaverunt,
1195 2418 1282 2472 quam
1298 2401 1341 2458 eis
1358 2401 1422 2458 vita

294 2526 423 2580 ususque
438 2509 609 2581 praebebat.
642 2509 688 2566 At
703 2509 849 2577 Terentio,
872 2508 922 2578 qui
938 2509 995 2565 nisi
1012 2525 1049 2566 ex
1065 2507 1189 2566 Graecis
1206 2507 1422 2579 exemplaribus

296 2616 460 2673 comoedias
477 2615 629 2685 perfecit,
656 2619 861 2688 argumentum
885 2619 915 2672 et
931 2614 1030 2672 fabula
1046 2615 1147 2672 eadem
1163 2631 1267 2686 nempe
1282 2632 1331 2672 res
1347 2618 1421 2672 erat.

295 2723 361 2796 Qua
378 2723 413 2779 de
429 2739 528 2791 causa,
547 2723 573 2778 si
591 2723 625 2779 de
641 2722 750 2779 fabulis
766 2722 951 2780 Terentianis
969 2721 1078 2794 agitm·‚
1102 2723 1194 2779 rerba
1212 2720 1363 2791 „fabulam
1387 2738 1423 2778 ex

295 2834 469 2904 argumento
493 2830 610 2886 tacerel
637 2829 682 2886 sio
705 2829 877 2901 accipienda
901 2833 984 2886 sunt:
1018 2829 1104 2898 „Aus
1134 2830 1198 2886 dem
1228 2826 1314 2900 Sujet
1342 2829 1424 2886 einer

296 2938 387 2994 schon
410 2936 617 2994 vorhandenen
649 2935 877 3010 (griechischen)
906 2935 1053 2992 Kombdie
1083 2937 1130 2992 ein
1154 2935 1250 2993 Stllck
1277 2936 1419 2993 maehen“

295 3045 315 3102 i.
347 3063 371 3102 e.
410 3062 446 3101 ex
482 3043 597 3101 Graeca
632 3043 732 3100 fabula
766 3041 908 3128 Latinam
943 3042 1050 3099 facere.
1103 3043 1183 3099 Hinc
1202 3043 1353 3112 efficitur,
1389 3047 1424 3099 ut

301 3150 420 3221 „fabula
442 3151 549 3222 duplex
571 3167 607 3206 ex
623 3149 733 3221 duplici
749 3153 923 3222 argumento
940 3149 1040 3206 facta“
1058 3149 1134 3207 idem
1152 3150 1191 3206 sit
1207 3150 1284 3220 quod
1305 3149 1423 3218 „fabula

297 3361 403 3416 Latinis
431 3365 506 3414 tacta
534 3365 615 3438 esset,
644 3377 708 3414 usus
738 3364 818 3413 esset.
871 3359 927 3414 h'eo
954 3358 1041 3413 minus
1069 3359 1093 3412 ei
1122 3377 1209 3414 errare
1237 3358 1302 3412 mihi
1331 3358 1424 3412 riden-

298 3457 349 3516 tur,
374 3450 418 3517 qui
442 3467 507 3503 voce
534 3448 674 3517 „integra‘
699 3455 806 3516 poetam
836 3465 894 3502 esse
920 3466 996 3503 usum
1027 3449 1131 3513 volunt,
1160 3466 1212 3515 qua
1240 3466 1336 3503 noram
1365 3465 1424 3502 esse

297 3541 414 3594 fabulam
433 3537 586 3592 affirmaret.
624 3538 716 3604 Neque
735 3539 803 3590 enim
824 3556 856 3592 ex
875 3539 984 3608 prologo
1004 3537 1116 3607 perspici
1142 3542 1233 3606 potest
1257 3536 1423 3591 aduersarios

298 3629 421 3684 Terentio
442 3626 545 3682 oriruini
564 3626 699 3693 tribuisse,
722 3629 792 3695 quod
809 3633 930 3683 veterem
948 3645 995 3697 pro
1016 3645 1085 3681 nova
1104 3628 1194 3692 daret;
1222 3644 1307 3694 nequo
1325 3627 1423 3680 Toren-

297 3720 359 3784 tiuS‚
380 3718 403 3772 si
426 3736 454 3772 re
476 3735 540 3771 vera
559 3717 591 3771 de
610 3717 660 3770 hoo
685 3716 793 3771 crimine
818 3717 842 3771 ei
866 3717 1078 3784 respondendum
1101 3715 1206 3780 fuisset,
1232 3722 1289 3770 tem
1307 3714 1425 3769 breviter

298 3815 406 3874 tamque
425 3811 499 3861 tecte
518 3810 575 3859 tam
594 3823 676 3875 grave
696 3804 794 3860 crimen
813 3807 973 3875 redarguere
994 3805 1088 3874 potuit.
1117 3806 1243 3859 Ansere
1263 3821 1354 3859 censes
1373 3805 1425 3858 Te·

296 3898 421 3960 rentium,
442 3913 523 3963 quum
535 3896 675 3964 prologum
685 3895 832 3949 Heautont.
848 3893 984 3959 scriberet,
998 3893 1225 3963 neglegentiorem
1237 3893 1327 3959 luisse,
1345 3911 1425 3960 quum

298 3987 367 4041 idem
387 3986 414 4039 in
433 3985 555 4038 Eunuchi
574 3990 602 4038 et
627 3985 768 4052 Adelphon
793 3985 910 4053 prologis
934 3985 1011 4053 plane
1036 3983 1192 4048 ostenderit,
1219 3989 1247 4037 ct
1270 4001 1320 4051 quo
1347 3983 1424 4035 modo

298 4076 343 4130 illa
367 4073 481 4142 suspicio
505 4073 569 4127 oriri
593 4073 714 4141 potuerit
736 4081 764 4127 et
788 4090 867 4140 quam
891 4072 959 4126 falsa
984 4079 1064 4138 atque
1088 4071 1188 4126 iniusta
1217 4071 1271 4126 sit?
1302 4071 1424 4138 Denique

299 4164 439 4232 „integra‘
455 4163 588 4218 comoedia
603 4170 644 4216 ost
665 4161 907 4227 „incontaminata‘
928 4161 1070 4216 comoedia.
1082 4161 1124 4216 Of.
1139 4161 1232 4215 Cicero
1246 4162 1310 4229 Top.
1326 4165 1367 4218 18.
1383 4163 1424 4215 ls.
