3326 5016
760 453 980 506 *22*-

472 623 510 675 Et
529 639 587 675 euin
608 639 666 677 osso
685 630 825 688 quaestum
844 623 871 678 in
890 624 1004 678 animum
1024 623 1115 678 induxi
1134 641 1294 682 maxumam.

473 709 559 778 Quem
578 729 700 767 maxinme
721 713 822 767 seruire
841 712 940 767 uostris
960 712 1117 768 commodis:

473 797 559 854 Sinite
578 799 710 870 inpetrare
730 819 779 866 mc,
799 801 843 870 qni
864 801 889 855 in
909 803 1020 856 tutelam
1040 820 1126 856 ineam

472 888 596 943 Studium
615 906 690 943 suom
710 895 785 944 etse
805 888 830 943 in
850 895 966 945 nostram
987 890 1119 946 commisit
1137 890 1225 954 tidem,

470 979 510 1033 Ne
530 995 590 1032 eum
609 977 819 1034 circumuentum
837 979 925 1046 inique
944 979 1028 1052 iniqni
1047 979 1187 1035 inrideant.

471 1069 533 1122 Mea
552 1085 632 1122 eausa
652 1085 757 1122 calisam
777 1069 888 1138 accipite
910 1076 938 1124 et
957 1069 1019 1124 date
1039 1068 1181 1137 silentium,

470 1160 511 1212 Vt
529 1158 620 1212 lubeat
638 1156 753 1213 scribere
772 1157 837 1215 alias
858 1157 892 1226 ¹⁹)
911 1158 1026 1226 mihique
1045 1163 1077 1212 nt
1096 1158 1197 1214 discere

470 1248 560 1301 Nonas
581 1245 705 1314 expediat
724 1248 835 1315 posthac
854 1247 940 1316 pretio
961 1254 1063 1316 emptas
1083 1265 1150 1303 ineo.

479 1913 530 1978 Ile
555 1911 656 1978 vitiis
681 1913 822 1978 tabidae
847 1913 1266 1979 Heautontimorumeno.

398 2075 483 2147 Quod
513 2092 603 2147 snpra
632 2076 670 2150 (1.
700 2075 752 2149 17)
777 2077 811 2132 de
841 2076 980 2148 vestigiis
1016 2077 1274 2134 contaminationis
1307 2093 1342 2133 ex
1367 2077 1434 2149 ipsa

310 2184 411 2241 fabola
439 2182 550 2240 Heant.
577 2183 753 2256 indagandis
781 2183 931 2256 pollicitus
961 2201 1034 2252 snm,
1065 2201 1143 2241 nnnc
1171 2184 1340 2256 praestabo.
1387 2187 1435 2244 Ac

308 2291 433 2364 primum
457 2290 492 2347 de
515 2289 630 2362 protasi
655 2291 758 2348 dicam.
800 2290 891 2347 Cuius
908 2289 994 2348 hians
1011 2291 1184 2363 compositio
1201 2309 1237 2349 ex
1254 2308 1342 2348 nerse
1359 2295 1432 2352 409.

308 2415 364 2468 qno
390 2402 473 2455 nctus
497 2397 530 2452 II
554 2397 664 2466 finitur,
691 2398 888 2472 cognoscitur.
936 2396 1030 2470 Syrus
1054 2399 1130 2455 enim
1155 2399 1240 2456 dicit:

469 2528 511 2582 ¹lto
529 2527 611 2594 intr03
632 2545 693 2584 nam
713 2545 760 2582 nos
779 2527 831 2582 iam
852 2529 950 2582 dndnm
970 2533 1095 2596 expectat
1113 2546 1201 2582 senex.

397 2639 482 2696 Haeo
512 2640 602 2696 verba
630 2639 752 2696 veritati
781 2656 902 2710 prorsus
932 2643 1112 2711 repugnante
1152 2655 1245 2710 neque
1280 2641 1356 2697 enim
1385 2659 1434 2698 ex-

310 2749 427 2818 spectat
451 2763 542 2803 senex
566 2745 633 2802 illos
658 2764 767 2816 omnes,
793 2746 898 2804 nedum
922 2744 980 2802 iam
1005 2745 1111 2804 dudum
1136 2751 1299 2818 exspectet.
1326 2747 1435 2804 Videa-

309 2870 374 2910 mns
403 2853 471 2923 qnid
501 2853 641 2910 Chremes
670 2857 739 2910 actu
762 2853 778 2910 Ι
803 2887 845 2894 ——
869 2871 921 2925 per
950 2857 1046 2910 totum
1080 2857 1177 2909 actum
1202 2853 1233 2909 ll
1258 2854 1286 2910 in
1318 2871 1436 2912 scenam

308 2977 365 3017 non
400 2961 498 3032 prodit
527 2993 569 3001 -
600 2959 696 3032 egerit
730 2965 760 3018 et
793 2961 910 3017 loeutus
946 2959 995 3016 sit.
1048 2959 1176 3017 Primum
1213 2977 1230 3016 a
1264 2961 1435 3018 Menedemo

310 3067 425 3125 audivit
460 3066 585 3124 Cliniam
620 3066 650 3122 in
685 3067 791 3124 Asiam
828 3065 934 3136 abisse,
972 3071 1034 3123 tum
1067 3085 1084 3123 a
1113 3066 1280 3138 Clitiphone
1309 3067 1434 3124 Cliniam

310 3175 429 3232 redisse
454 3179 484 3232 et
507 3174 602 3246 ipsius
628 3173 704 3230 domi
733 3189 808 3230 esse.
858 3173 962 3232 Obiter
986 3173 1116 3247 Clitipho
1145 3173 1279 3231 narravit
1302 3192 1330 3231 v.
1359 3178 1435 3233 191:

315 3296 393 3350 Nunc
415 3296 547 3350 seruolum
574 3295 607 3348 ad
632 3311 689 3348 eam
715 3293 742 3348 in
762 3295 853 3350 urbem
881 3293 963 3352 misit,
983 3298 1012 3348 et
1035 3311 1083 3363 ego
1108 3299 1230 3348 nostrum
1255 3312 1307 3349 nna
1331 3294 1437 3365 Syrum.

312 3408 446 3476 adquae
470 3406 536 3478 ipsa
561 3406 701 3464 Chremes
724 3406 798 3462 nihil
822 3405 984 3477 respondit.
1032 3405 1147 3464 Deinde
1175 3411 1330 3478 postquam
1355 3406 1438 3464 Cliti-

312 3514 436 3584 phonem
461 3514 583 3583 monuit,
608 3519 642 3571 ut
665 3514 826 3585 perieulum
851 3531 887 3570 ex
911 3513 977 3570 aliis
1004 3516 1123 3582 feceret,
1150 3513 1207 3571 sibi
1231 3513 1300 3584 quid
1324 3532 1361 3572 ex
1383 3530 1440 3570 asu

312 3625 400 3688 esset,
438 3638 526 3678 soene
561 3621 661 3678 cessit.
696 3654 738 3661 —
767 3620 815 3678 Ex
845 3619 891 3677 his
920 3620 985 3691 quis
1018 3624 1073 3689 est,
1110 3621 1159 3690 qni
1195 3621 1316 3694 colligat
1341 3637 1439 3678 senem

313 3727 424 3784 amicae
471 3728 586 3786 Cliniae
633 3728 791 3786 adventum
839 3729 1030 3800 exspectare?
1099 3729 1149 3786 An
1156 3775 1164 3805 ,
1215 3728 1291 3798 qnod
1345 3725 1438 3800 Syrus

402 3915 436 3987 12)
459 3919 566 3986 „alias“‚
585 3939 637 3975 non
658 3920 760 3986 „aliis“‚
786 3919 924 3989 scripsisse
948 3925 1054 3989 poetam
1078 3909 1147 3974 cum'
1162 3919 1285 3974 Bentleio
1309 3918 1441 3984 arbitron

314 4007 368 4062 solo
389 4008 458 4062 enim
477 4026 524 4076 pre
544 4008 667 4064 Terentio
689 4008 830 4064 Ambivius
850 4013 944 4063 orator
963 4007 1082 4076 exstitit3
1112 4027 1159 4064 cur
1183 4008 1267 4078 igitur
1286 4007 1389 4078 „aliis“‚
1415 4009 1442 4063 in

315 4114 364 4164 quo
384 4115 493 4153 numero
512 4099 555 4153 vel
573 4096 719 4152 adversarii
739 4098 848 4152 Terenti
865 4097 980 4167 ponendi
1000 4104 1097 4162 essent,
1118 4097 1276 4154 inserviret?
1294 4099 1442 4154 Piaeterea

315 4204 361 4241 our
380 4187 488 4242 Terenti
506 4187 597 4241 fabula
616 4187 765 4255 improbata
786 4187 877 4252 „aliis“
897 4205 950 4242 non
969 4187 1064 4243 liberet
1082 4205 1166 4243 noras
1187 4188 1291 4242 fabulas
1310 4187 1442 4242 scribere?
