3326 5016
775 448 972 499 ,4--

308 639 361 678 <aur
378 638 432 694 ego
449 639 541 678 senex
556 627 657 693 partes
674 622 791 698 prologi
815 623 1005 697 susceperim,
1030 623 1142 692 deinde,
1167 622 1245 694 quod
1268 623 1438 679 clocuturus
1458 697 1459 700 Ἴ

309 728 387 798 reni,
424 729 553 799 eloquar.
613 725 650 786 V.
685 732 725 786 10
760 730 850 802 vulgo
886 729 929 786 sic
965 729 1175 801 accipiebatur,
1211 735 1246 786 ut
1280 729 1438 800 Ambivius

310 852 429 893 causam
459 853 491 892 se
519 836 704 908 prolaturum
733 852 800 893 esse
829 836 937 894 iterum
966 835 1121 903 indicaret,
1159 852 1210 892 cur
1244 815 1303 907 ipsi
1337 840 1438 905 partes

308 942 424 1016 prologi
446 943 534 1000 datae
556 947 667 1000 esseut.
714 942 781 1016 Ego
803 959 874 999 vero
895 959 1015 1000 versum
1038 942 1124 1004 adid
1146 946 1283 1014 spectare
1299 941 1437 1009 arbitror,

223 1104 228 1111 ,
309 1049 386 1119 quod
409 1049 568 1106 Ambivius
593 1065 623 1106 v.
649 1051 667 1106 3
694 1049 798 1106 deinde
829 1067 860 1106 se
885 1049 1068 1112 elocuturum
1099 1031 1166 1106 esse
1195 1048 1346 1120 pollicitus
1377 1053 1436 1118 est:

310 1157 354 1212 sic
377 1155 471 1228 igitur
494 1173 560 1212 cum
588 1156 781 1227 interpretor:
816 1156 904 1213 Nunc
931 1129 1018 1226 quam
1048 1155 1084 1212 ob
1115 1173 1177 1213 rem
1205 1155 1438 1226 eloquendam

310 1263 365 1320 has
388 1267 490 1334 partes
516 1262 668 1320 didicerim
692 1263 794 1333 paucis
819 1263 904 1333 dabo,
929 1263 974 1320 ita
997 1269 1031 1343 11
1054 1263 1146 1321 verba
1170 1279 1276 1334 „quam
1297 1263 1333 1319 ob
1355 1267 1437 1318 remi

309 1386 367 1426 uon
397 1370 498 1426 eadem
525 1370 556 1426 vi
580 1386 615 1426 ac
637 1369 785 1442 particula
811 1374 902 1438 „cur“
928 1370 1101 1442 accipienda
1125 1369 1195 1438 siut,
1232 1369 1285 1426 sed
1319 1385 1372 1441 per
1407 1385 1439 1425 sc

308 1477 442 1546 quodque
479 1475 521 1543 sit
539 1537 540 1541 ,
556 1477 787 1548 exprimendum.
847 1476 911 1534 lam
946 1494 1017 1534 vero
1053 1477 1121 1548 ipsa
1159 1476 1219 1534 tria
1256 1455 1309 1532 illa
1348 1475 1439 1532 verba

312 1599 419 1652 „quarn
449 1583 485 1640 ob
517 1588 597 1640 reur‘
630 1584 745 1652 docent,
782 1585 831 1653 qui
866 1584 930 1641 fieri
964 1584 1106 1656 potuerit,
1143 1587 1177 1640 11
1212 1583 1282 1640 ordo
1322 1582 1438 1656 prologi

309 1690 447 1747 versibus
474 1693 558 1748 1-3
594 1694 656 1748 tam
690 1691 786 1748 lucide
821 1690 992 1763 propositus
1027 1691 1208 1748 turbaretur.
1267 1689 1438 1747 Promiscue

311 1797 386 1853 enirn
415 1803 559 1868 usuparta
588 1797 809 1854 existimantem
839 1798 930 1855 verba
962 1814 1069 1868 „quam
1098 1798 1134 1855 ob
1162 1801 1244 1855 rem“
1277 1800 1308 1853 et
1344 1802 1433 1866 „cur“

310 1904 369 1960 iam
393 1903 523 1974 antiquis
547 1904 730 1975 temporibus
754 1904 854 1961 nescio
879 1921 963 1975 quem
993 1909 1205 1961 anteversum
1232 1907 1270 1961 11
1300 1903 1436 1975 posuisse

310 2011 393 2068 illum
427 2027 546 2068 versum
581 2011 828 2069 verisimillimum
864 2017 923 2081 est,
960 2028 1047 2082 quam
1084 2011 1191 2079 sedem,
1228 2010 1335 2082 quippe
1364 2025 1437 2080 quae

308 2118 396 2174 facile
421 2118 577 2202 aptissima
606 2119 767 2187 videretur,
803 2135 909 2176 versus
945 2135 1038 2189 usque
1074 2118 1111 2175 ad
1145 2123 1279 2176 nostram
1309 2121 1439 2174 aetatem

309 2225 444 2283 retinuit.

399 2349 545 2422 Quoniam
578 2367 698 2408 versum
725 2354 765 2407 10
800 2368 858 2408 nou
892 2351 978 2408 modo
1010 2367 1070 2408 non
1098 2350 1228 2420 obstare,
1266 2350 1318 2407 sed
1349 2349 1438 2406 etiam

309 2457 426 2514 firmare
442 2457 638 2515 Dniatzkonis
663 2458 843 2516 sententiam
864 2439 1033 2516 ostendisse
1055 2457 1127 2514 1111111
1147 2444 1258 2527 videor,
1283 2457 1364 2514 nulla
1380 2456 1438 2513 iam

276 2608 279 2613 .
310 2563 456 2621 dubitatio
474 2569 530 2634 111,
556 2564 626 2634 quin
649 2569 748 2622 rectus
774 2582 809 2622 ac
831 2563 979 2638 genuinus
1003 2564 1045 2622 sit
1066 2564 1136 2621 ordo
1159 2562 1377 2623 aDziatzkone
1395 2564 1439 2620 sic

310 2671 488 2728 restitutus:

517 2791 622 2858 Neqnci
641 2792 678 2846 111
694 2799 817 2848 uestrum
836 2791 940 2856 mirum,
960 2809 1026 2859 quor
1043 2791 1128 2859 partis
1148 2791 1203 2845 seni

516 2880 603 2935 Poeta
623 2881 734 2946 dederit,
753 2899 820 2950 quae
840 2870 903 2935 sunt
921 2879 1144 2935 adulescentium:

515 2969 547 3023 Id
565 2969 680 3038 primum
699 2969 793 3036 dicam,
814 2969 908 3024 deinde
927 2970 996 3036 quod
1015 2967 1077 3022 ueni
1096 2970 1212 3037 eloquar.

517 3058 657 3114 Oratorem
678 3076 737 3114 esse
757 3059 844 3114 uoluit
861 3046 912 3124 rire,
932 3076 984 3112 non
1002 3059 1156 3128 prologum:

517 3149 651 3202 Vostrum
669 3147 796 3203 iudicium
815 3147 891 3204 fecit:
911 3166 953 3202 me
973 3152 1090 3202 actorem
1110 3146 1191 3212 dedit,

518 3235 563 3290 Sic
580 3237 624 3291 hic
643 3241 718 3292 actor
737 3243 843 3291 tantum
862 3237 962 3305 poterit
980 3255 996 3290 a
1015 3236 1146 3302 facundia,

518 3325 656 3401 Quantum
674 3326 718 3380 illc
737 3326 827 3394 potuit
846 3325 965 3396 cogitare
984 3327 1126 3392 commode,

511 3415 564 3483 Qui
583 3415 730 3470 orationem
747 3406 816 3471 hanc
834 3414 950 3484 scripsit,
970 3433 1049 3484 quam
1068 3415 1186 3470 dicturus
1207 3433 1273 3470 sum.

400 3527 486 3584 Haec
508 3527 709 3598 prooemiatus
733 3529 873 3602 prologus
904 3528 942 3585 ad
971 3529 1129 3599 specialem
1157 3507 1285 3600 partem,
1316 3544 1374 3596 qua
1403 3527 1438 3583 dc

312 3634 379 3705 ipsa
402 3633 504 3691 fabula
528 3633 646 3702 dicitur,
671 3633 823 3692 transiens
847 3634 961 3707 pergit:

471 3755 548 3807 Nunc
568 3771 646 3822 quarn
666 3755 697 3808 ob
716 3772 772 3809 rem
791 3755 839 3809 has
858 3754 942 3823 partis
962 3754 1099 3810 didicerim
1117 3756 1208 3823 paucis
1228 3755 1302 3809 dabo.

310 3865 386 3922 Post
397 3865 475 3922 hunc
486 3881 606 3922 versum
617 3865 778 3923 transitum
791 3866 965 3924 efficientem
978 3883 1047 3938 pars
1062 3866 1210 3938 specialis,
1224 3882 1311 3936 quarn
1323 3865 1436 3932 vocavi,

312 3973 390 4030 utin
408 3953 516 4030 ceteris
537 3973 668 4046 prologis
684 3973 802 4030 iuitiiun
820 3973 901 4045 capit
918 3991 935 4029 a
955 3973 1071 4030 nomine
1092 3973 1220 4030 fabulae.
1269 3971 1439 4043 Sequuntur

313 4079 390 4136 euim
411 4078 443 4136 hi
466 4095 586 4137 versus:

402 4180 436 4248 (⁴l
457 4179 637 4249 (Fleckeisen)
663 4183 705 4235 Idx
726 4180 831 4250 integra
850 4182 954 4236 Graeca
973 4180 1106 4251 integram
1125 4180 1288 4236 comoediam
