3326 5016
698 447 916 500 „11-

241 623 434 681 cohaerentes
459 629 609 696 separant,
636 623 712 680 satis
737 623 865 695 perspici
888 627 990 695 potest
1013 639 1119 679 versus
1144 637 1161 678 a
1184 622 1257 690 loeo,
1287 637 1373 692 quem

241 729 385 799 obtinent,
416 747 482 789 esse
513 731 634 789 alienos¹
684 727 743 788 Sed
775 729 843 788 aliis
873 730 962 787 etiam
989 728 1178 803 gravioribus
1207 729 1242 786 de
1273 729 1371 786 causis

240 854 346 894 versus
370 836 400 894 in
422 837 622 910 suspicionem
637 840 793 895 vocantur.
826 837 958 894 Primum
974 836 1052 893 enirn
1075 835 1106 892 in
1130 852 1164 892 eo
1188 835 1370 904 offendimus

240 944 317 1014 quod
340 960 523 1014 nequaquam
551 949 642 1016 poeta
671 945 804 1002 ostendit
831 943 963 1001 fabulam
986 960 1094 1000 novam
1118 936 1223 1016 essess)
1269 942 1372 1013 Neque

240 1051 347 1119 miuuS,
373 1067 447 1120 quae
470 1056 643 1122 sequuntur,
668 1050 743 1108 mira
766 1055 846 1108 sunt.

334 1174 411 1248 Quid
434 1176 572 1233 tandem?
596 1175 710 1232 Nomen
735 1179 849 1247 poetae,
875 1191 1049 1246 quamquam
1066 1175 1173 1232 titulus
1198 1175 1283 1232 modo
1305 1192 1372 1247 pro·

241 1283 397 1366 nuntiatus
434 1283 513 1351 erat,
542 1284 650 1340 iterum
681 1283 838 1352 diceretur,
868 1282 927 1340 nisi
950 1288 1041 1354 poeta
1070 1287 1184 1355 partem
1213 1283 1372 1340 maximam

242 1393 444 1462 spectatorum
467 1389 497 1446 id
521 1390 597 1447 seire
622 1391 826 1448 existimaret?
873 1390 957 1462 Quae
980 1389 1081 1452 verba,
1105 1390 1163 1446 nisi
1185 1407 1256 1447 vero
1271 1390 1372 1446 inania

243 1497 442 1568 atqueinepta
453 1500 532 1565 sunt,
543 1497 613 1567 quin
626 1497 662 1554 ob
673 1503 785 1555 certam
800 1497 947 1567 quandam
964 1514 1084 1554 eausam
1100 1502 1131 1553 et
1148 1501 1229 1554 certo
1245 1497 1371 1568 quodam

242 1603 365 1661 consilio
381 1603 461 1661 diota
478 1603 547 1672 sint,
566 1608 688 1661 nonest
704 1604 832 1662 dubium.
858 1603 904 1662 De
920 1604 977 1662 hac
993 1621 1083 1661 causa
1100 1604 1279 1674 consilioque
1291 1604 1371 1660 nullo

241 1710 357 1783 prologi
372 1709 484 1767 Heaut.
502 1726 591 1767 versu
608 1710 770 1768 edocemur.
811 1710 906 1782 Quam
929 1709 965 1767 ob
982 1727 1043 1767 rem
1060 1710 1208 1768 Dziatzlro
1224 1714 1287 1768 tres
1303 1710 1371 1768 illos

241 1833 346 1874 versus
364 1834 401 1874 ex
416 1817 538 1890 prologo
554 1817 666 1875 Heant.
685 1817 820 1886 removit,
839 1822 968 1875 remotos
985 1818 1015 1874 in
1032 1817 1170 1889 Hecyrae
1186 1818 1339 1889 prologum
1356 1818 1371 1873 Ι

240 1924 319 1981 inter
347 1941 375 1980 v.
404 1927 420 1980 7
447 1927 477 1980 et
502 1927 519 1981 8
549 1924 689 1993 inseruit;
725 1924 766 1981 ibi
796 1924 873 1981 enirn
905 1941 992 1994 quarn
1027 1925 1063 1981 ob
1098 1941 1217 1982 oausam
1252 1927 1283 1982 et
1315 1941 1371 1995 quo

242 2030 365 2088 consilio
396 2031 468 2088 dieti
490 2035 592 2088 essent
618 2031 733 2088 elucere
756 2031 803 2088 vir
832 2031 1021 2089 doctissimus
1050 2031 1219 2088 affirmavit.
1266 2031 1370 2089 Ratio·

242 2137 352 2195 cinatio
377 2138 440 2195 eius
462 2143 510 2196 est
533 2140 623 2199 haee:
655 2141 747 2210 ,Ante
777 2139 902 2196 alteram
932 2139 1069 2212 Hecyrae
1094 2139 1239 2196 actionem
1264 2138 1370 2197 titulus

150 2241 155 2248 “
241 2245 360 2303 fabulae
383 2263 441 2302 non
467 2250 515 2304 est
530 2247 755 2319 pronuntiatum
782 2265 840 2318 qua
864 2247 899 2304 de
924 2263 1014 2305 caiisa
1036 2247 1067 2303 in
1083 2246 1205 2318 prologo
1230 2247 1265 2303 de
1281 2252 1370 2316 poeta

244 2352 352 2410 Latino
392 2357 423 2410 et
452 2354 487 2410 de
521 2358 611 2426 poeta
647 2353 763 2411 Graeco
797 2355 951 2412 dicendum
985 2358 1063 2422 erat,
1099 2353 1129 2410 id
1163 2352 1240 2422 quod
1276 2352 1371 2411 obiter

243 2463 332 2531 poeta
360 2459 456 2517 tribus
485 2461 545 2518 illis
572 2461 709 2519 versibus
744 2461 828 2530 fecit,
866 2479 953 2532 quum
985 2477 1107 2518 necesse
1144 2477 1210 2518 esse
1245 2464 1370 2533 negaret

243 2566 296 2623 illa
323 2567 440 2624 nomina
473 2571 676 2639 pronuntiari,
717 2570 786 2640 quia
816 2570 876 2626 iarn
908 2573 980 2626 nota
1012 2574 1135 2626 essent}
1183 2568 1270 2626 Unde
1299 2584 1369 2624 vero

243 2673 361 2730 nomina
384 2679 456 2732 nota
478 2674 603 2742 fuerint,
629 2676 782 2745 quaerenti
806 2676 954 2733 Dniatzko
978 2675 1151 2746 respondet:
1200 2674 1249 2731 Ex
1272 2675 1369 2746 priore

242 2780 380 2852 Hecyrae
409 2782 536 2839 actione.
591 2782 679 2838 Hanc
712 2783 982 2845 ratiocinationem,
1013 2781 1071 2839 nisi
1100 2782 1369 2853 pronuntiationem

242 2887 324 2944 tituli
353 2892 422 2945 ante
451 2888 605 2962 prologum
635 2889 766 2947 defuisse
802 2891 1018 2958 ostenderetur,
1055 2907 1158 2961 parum
1188 2888 1369 2960 probabilem

244 3010 310 3052 esse
333 3011 421 3066 quum
451 2995 514 3067 ipse
543 2997 749 3070 intellegeret,
782 2997 827 3054 vir
851 2997 1040 3054 doctissimus
1069 2997 1141 3053 illud
1170 2996 1214 3053 sio
1243 2996 1369 3067 probare

243 3102 373 3159 studuit:
402 3103 497 3172 ,quod
522 3119 574 3160 our
597 3103 640 3160 ita
664 3103 833 3161 institutum
858 3105 906 3172 sit,
933 3104 1019 3160 larile
1042 3104 1174 3160 divinare
1198 3119 1368 3175 possumus:

242 3225 310 3265 nam
334 3226 399 3265 cum
422 3210 543 3281 Hecyra
567 3215 656 3267 antea
680 3215 786 3268 exacta
810 3215 904 3268 esset.
937 3211 1095 3267 uoluerunt
1122 3211 1258 3267 ludorum
1286 3225 1368 3265 cura·

241 3321 323 3374 tores
352 3319 404 3373 aut
435 3317 569 3374 dominus
593 3318 695 3390 gregis
720 3319 869 3375 Romanos
899 3318 979 3374 illam
1008 3318 1056 3390 agi
1084 3319 1167 3388 prius
1195 3316 1366 3383 resciscere,

242 3439 328 3493 quam
369 3429 440 3495 apt-a
478 3442 574 3482 rerum
614 3426 798 3496 expositione
836 3429 1038 3495 spectatorum
1078 3425 1208 3482 studium
1251 3423 1369 3480 fabulae

242 3531 340 3603 parari
367 3548 523 3602 eorumque
546 3532 646 3604 gratia
670 3531 823 3603 impetrari
847 3537 983 3603 posset.“

332 3655 445 3713 Contra
472 3656 667 3713 Dziatzkonis
700 3656 880 3712 sententiam
916 3656 990 3712 haec
1019 3673 1093 3726 quac
1130 3657 1223 3714 dicam
1263 3656 1367 3713 habeo.

241 3763 374 3820 Primum
390 3768 510 3821 constat
525 3763 654 3820 fabulam
678 3780 736 3819 non
760 3767 898 3820 exactam
922 3780 999 3832 esse,
1019 3764 1071 3820 sed
1094 3769 1216 3835 propter
1240 3764 1369 3822 subitam

242 3871 359 3928 turbam
376 3871 479 3944 peragi
499 3888 557 3928 non
573 3863 746 3943 potuissoF)
786 3869 832 3927 cf.
858 3871 931 3942 prol.
950 3869 983 3927 Π
1005 3887 1033 3927 v.
1061 3873 1101 3927 25
1116 3887 1178 3941 sqq.

332 4095 355 4164 6)
376 4097 417 4152 Cf.
437 4097 571 4151 Daiatzko
591 4097 654 4153 diss.
674 4098 763 4168 inaug.
801 4099 843 4152 De
863 4099 928 4166 prol.
949 4099 990 4153 Pl.
1011 4105 1039 4152 et
1058 4099 1117 4152 Ter.

333 4186 353 4253 7)
373 4187 473 4240 Hodem
492 4187 571 4241 modo
592 4187 623 4241 Ο.
644 4187 766 4242 Amdohr
784 4187 886 4242 iudicat
904 4189 920 4243 1.
941 4204 963 4240 c.
983 4206 1007 4255 p.
1029 4193 1069 4243 11.
