<?xml version="1.0" encoding="UTF-8"?>
<!DOCTYPE html PUBLIC "-//W3C//DTD XHTML 1.0 Transitional//EN"
    "http://www.w3.org/TR/xhtml1/DTD/xhtml1-transitional.dtd">
<html xmlns="http://www.w3.org/1999/xhtml" xml:lang="en" lang="en">
 <head>
  <title>
</title>
<meta http-equiv="Content-Type" content="text/html;charset=utf-8" />
  <meta name='ocr-system' content='tesseract 3.04.00' />
  <meta name='ocr-capabilities' content='ocr_page ocr_carea ocr_par ocr_line ocrx_word'/>
</head>
<body>
  <div class='ocr_page' id='page_1' title='image "./quaestionestere00herrgoog_0041.png"; bbox 0 0 3326 5016; ppageno 0'>
   <div class='ocr_carea' id='block_1_1' title="bbox 738 377 959 430">
    <p class='ocr_par' dir='ltr' id='par_1_1' title="bbox 738 377 959 430">
     <span class='ocr_line' id='line_1_1' title="bbox 738 377 959 430; baseline 0.005 -16"><span class='ocrx_word' id='word_1_1' title='bbox 738 377 959 430; x_wconf 60' lang='lat'>..34-</span> 
     </span>
    </p>
   </div>
   <div class='ocr_carea' id='block_1_2' title="bbox 282 552 1416 1373">
    <p class='ocr_par' dir='ltr' id='par_1_2' title="bbox 282 552 1416 1267">
     <span class='ocr_line' id='line_1_2' title="bbox 373 552 1414 624; baseline 0.003 -14"><span class='ocrx_word' id='word_1_2' title='bbox 373 554 439 611; x_wconf 81' lang='lat' dir='ltr'>Hoc</span> <span class='ocrx_word' id='word_1_3' title='bbox 465 553 490 609; x_wconf 85' lang='lat' dir='ltr'>si</span> <span class='ocrx_word' id='word_1_4' title='bbox 514 553 615 609; x_wconf 80' lang='lat' dir='ltr'>rerum</span> <span class='ocrx_word' id='word_1_5' title='bbox 640 561 695 621; x_wconf 81' lang='lat' dir='ltr'>est,</span> <span class='ocrx_word' id='word_1_6' title='bbox 722 553 857 624; x_wconf 77' lang='lat' dir='ltr'>quaestio</span> <span class='ocrx_word' id='word_1_7' title='bbox 886 552 920 609; x_wconf 93' lang='lat' dir='ltr'>de</span> <span class='ocrx_word' id='word_1_8' title='bbox 950 553 1044 624; x_wconf 86' lang='lat' dir='ltr'>prima</span> <span class='ocrx_word' id='word_1_9' title='bbox 1068 555 1168 611; x_wconf 82' lang='lat' dir='ltr'>tabula</span> <span class='ocrx_word' id='word_1_10' title='bbox 1191 554 1332 613; x_wconf 87' lang='lat' dir='ltr'>instituta</span> <span class='ocrx_word' id='word_1_11' title='bbox 1356 557 1414 612; x_wconf 87' lang='lat' dir='ltr'>iam</span> 
     </span>
     <span class='ocr_line' id='line_1_3' title="bbox 284 659 1415 737; baseline 0.002 -19"><span class='ocrx_word' id='word_1_12' title='bbox 284 661 322 718; x_wconf 88' lang='lat' dir='ltr'>ad</span> <span class='ocrx_word' id='word_1_13' title='bbox 356 661 442 717; x_wconf 86' lang='lat' dir='ltr'>tinem</span> <span class='ocrx_word' id='word_1_14' title='bbox 477 659 621 731; x_wconf 86' lang='lat' dir='ltr'>perducta</span> <span class='ocrx_word' id='word_1_15' title='bbox 656 675 721 716; x_wconf 85' lang='lat' dir='ltr'>esse</span> <span class='ocrx_word' id='word_1_16' title='bbox 756 659 883 716; x_wconf 83' lang='lat' dir='ltr'>ridetur.</span> <span class='ocrx_word' id='word_1_17' title='bbox 931 659 1001 718; x_wconf 87' lang='lat' dir='ltr'>Una</span> <span class='ocrx_word' id='word_1_18' title='bbox 1037 661 1113 716; x_wconf 85' lang='lat' dir='ltr'>enini</span> <span class='ocrx_word' id='word_1_19' title='bbox 1142 661 1263 734; x_wconf 81' lang='lat' dir='ltr'>Hecyra</span> <span class='ocrx_word' id='word_1_20' title='bbox 1291 664 1415 737; x_wconf 79' lang='lat' dir='ltr'>prologo</span> 
     </span>
     <span class='ocr_line' id='line_1_4' title="bbox 285 765 1416 850; baseline 0.007 -30"><span class='ocrx_word' id='word_1_21' title='bbox 285 772 375 824; x_wconf 73' lang='lat' dir='ltr'>earet.</span> <span class='ocrx_word' id='word_1_22' title='bbox 424 765 483 824; x_wconf 85' lang='lat' dir='ltr'>Sed</span> <span class='ocrx_word' id='word_1_23' title='bbox 512 765 663 838; x_wconf 80' lang='lat' dir='ltr'><strong>Hecyram</strong></span> <span class='ocrx_word' id='word_1_24' title='bbox 692 782 749 823; x_wconf 92' lang='lat' dir='ltr'>non</span> <span class='ocrx_word' id='word_1_25' title='bbox 779 766 903 837; x_wconf 83' lang='lat' dir='ltr'><strong>primam</strong></span> <span class='ocrx_word' id='word_1_26' title='bbox 932 766 1062 850; x_wconf 77' lang='lat' dir='ltr'>tabulam</span> <span class='ocrx_word' id='word_1_27' title='bbox 1092 767 1184 825; x_wconf 85' lang='lat' dir='ltr'>tuisse</span> <span class='ocrx_word' id='word_1_28' title='bbox 1219 787 1256 825; x_wconf 86' lang='lat' dir='ltr'>ex</span> <span class='ocrx_word' id='word_1_29' title='bbox 1290 771 1416 844; x_wconf 82' lang='lat' dir='ltr'>prologo</span> 
     </span>
     <span class='ocr_line' id='line_1_5' title="bbox 282 872 1411 949; baseline 0.004 -19"><span class='ocrx_word' id='word_1_30' title='bbox 282 873 499 941; x_wconf 80' lang='lat' dir='ltr'>Heautontim,</span> <span class='ocrx_word' id='word_1_31' title='bbox 540 890 614 944; x_wconf 88' lang='lat' dir='ltr'>quac</span> <span class='ocrx_word' id='word_1_32' title='bbox 653 873 755 931; x_wconf 84' lang='lat' dir='ltr'>fabula</span> <span class='ocrx_word' id='word_1_33' title='bbox 789 872 938 943; x_wconf 78' lang='lat' dir='ltr'>Hecyram</span> <span class='ocrx_word' id='word_1_34' title='bbox 971 879 1074 930; x_wconf 85' lang='lat' dir='ltr'>secuta</span> <span class='ocrx_word' id='word_1_35' title='bbox 1110 880 1171 942; x_wconf 70' lang='lat' dir='ltr'>est,</span> <span class='ocrx_word' id='word_1_36' title='bbox 1212 877 1411 949; x_wconf 74' lang='lat' dir='ltr'>cognoscitur.</span> 
     </span>
     <span class='ocr_line' id='line_1_6' title="bbox 282 973 1413 1066; baseline 0.004 -29"><span class='ocrx_word' id='word_1_37' title='bbox 282 980 392 1066; x_wconf 84' lang='lat' dir='ltr'>Parum</span> <span class='ocrx_word' id='word_1_38' title='bbox 421 981 496 1037; x_wconf 89' lang='lat' dir='ltr'>enim</span> <span class='ocrx_word' id='word_1_39' title='bbox 526 981 774 1054; x_wconf 70' lang='lat' dir='ltr'>intellegeremus</span> <span class='ocrx_word' id='word_1_40' title='bbox 807 997 859 1036; x_wconf 87' lang='lat' dir='ltr'>eur</span> <span class='ocrx_word' id='word_1_41' title='bbox 886 984 1001 1051; x_wconf 82' lang='lat' dir='ltr'>poetae,</span> <span class='ocrx_word' id='word_1_42' title='bbox 1031 981 1114 1038; x_wconf 90' lang='lat' dir='ltr'>cuius</span> <span class='ocrx_word' id='word_1_43' title='bbox 1142 987 1201 1038; x_wconf 86' lang='lat' dir='ltr'>una</span> <span class='ocrx_word' id='word_1_44' title='bbox 1230 973 1341 1040; x_wconf 75' lang='lat' dir='ltr'>fabula&#39;</span> <span class='ocrx_word' id='word_1_45' title='bbox 1354 1001 1413 1042; x_wconf 89' lang='lat' dir='ltr'>non</span> 
     </span>
     <span class='ocr_line' id='line_1_7' title="bbox 282 1087 1413 1160; baseline 0.004 -15"><span class='ocrx_word' id='word_1_46' title='bbox 282 1093 404 1160; x_wconf 87' lang='lat' dir='ltr'>peracta</span> <span class='ocrx_word' id='word_1_47' title='bbox 433 1092 521 1155; x_wconf 74' lang='lat' dir='ltr'>esset,</span> <span class='ocrx_word' id='word_1_48' title='bbox 559 1087 595 1143; x_wconf 87' lang='lat' dir='ltr'>ab</span> <span class='ocrx_word' id='word_1_49' title='bbox 631 1087 819 1156; x_wconf 68' lang='lat' dir='ltr'>adversariis</span> <span class='ocrx_word' id='word_1_50' title='bbox 859 1105 876 1145; x_wconf 92' lang='lat' dir='ltr'>a</span> <span class='ocrx_word' id='word_1_51' title='bbox 904 1104 1025 1158; x_wconf 92' lang='lat' dir='ltr'>quorum</span> <span class='ocrx_word' id='word_1_52' title='bbox 1056 1089 1220 1159; x_wconf 71' lang='lat' dir='ltr'>opprobriis</span> <span class='ocrx_word' id='word_1_53' title='bbox 1245 1091 1273 1147; x_wconf 88' lang='lat' dir='ltr'>in</span> <span class='ocrx_word' id='word_1_54' title='bbox 1298 1091 1413 1149; x_wconf 85' lang='lat' dir='ltr'>Heaut.</span> 
     </span>
     <span class='ocr_line' id='line_1_8' title="bbox 282 1194 1195 1267; baseline 0.004 -19"><span class='ocrx_word' id='word_1_55' title='bbox 282 1195 404 1267; x_wconf 83' lang='lat' dir='ltr'>prologo</span> <span class='ocrx_word' id='word_1_56' title='bbox 429 1198 583 1266; x_wconf 88' lang='lat' dir='ltr'>tantopere</span> <span class='ocrx_word' id='word_1_57' title='bbox 609 1213 639 1251; x_wconf 86' lang='lat' dir='ltr'>se</span> <span class='ocrx_word' id='word_1_58' title='bbox 665 1194 809 1266; x_wconf 54' lang='lat' dir='ltr'>defendit„</span> <span class='ocrx_word' id='word_1_59' title='bbox 830 1195 1029 1253; x_wconf 79' lang='lat' dir='ltr'>obtrectatum</span> <span class='ocrx_word' id='word_1_60' title='bbox 1054 1203 1143 1252; x_wconf 80' lang='lat' dir='ltr'>esset.</span> <span class='ocrx_word' id='word_1_61' title='bbox 1190 1248 1195 1258; x_wconf 87' lang='grc'><strong>,</strong></span> 
     </span>
    </p>

    <p class='ocr_par' dir='ltr' id='par_1_3' title="bbox 371 1301 846 1373">
     <span class='ocr_line' id='line_1_9' title="bbox 371 1301 846 1373; baseline 0.002 -15"><span class='ocrx_word' id='word_1_62' title='bbox 371 1301 500 1358; x_wconf 85' lang='lat' dir='ltr'>Maxime</span> <span class='ocrx_word' id='word_1_63' title='bbox 525 1317 596 1356; x_wconf 84' lang='lat' dir='ltr'>vero</span> <span class='ocrx_word' id='word_1_64' title='bbox 620 1318 656 1357; x_wconf 87' lang='lat' dir='ltr'>ex</span> <span class='ocrx_word' id='word_1_65' title='bbox 679 1318 707 1357; x_wconf 83' lang='lat' dir='ltr'>r.</span> <span class='ocrx_word' id='word_1_66' title='bbox 737 1305 775 1358; x_wconf 77' lang='lat'>17</span> <span class='ocrx_word' id='word_1_67' title='bbox 802 1318 846 1373; x_wconf 87' lang='lat' dir='ltr'>sq.</span> 
     </span>
    </p>
   </div>
   <div class='ocr_carea' id='block_1_3' title="bbox 442 1420 1077 1565">
    <p class='ocr_par' dir='ltr' id='par_1_4' title="bbox 442 1420 1077 1565">
     <span class='ocr_line' id='line_1_10' title="bbox 442 1420 1077 1488; baseline 0.002 -15"><span class='ocrx_word' id='word_1_68' title='bbox 442 1422 543 1475; x_wconf 89' lang='lat' dir='ltr'>Multas</span> <span class='ocrx_word' id='word_1_69' title='bbox 563 1420 757 1475; x_wconf 80' lang='lat' dir='ltr'>contaminasse</span> <span class='ocrx_word' id='word_1_70' title='bbox 777 1421 906 1488; x_wconf 79' lang='lat' dir='ltr'>Graecas,</span> <span class='ocrx_word' id='word_1_71' title='bbox 927 1423 988 1476; x_wconf 88' lang='lat' dir='ltr'>dum</span> <span class='ocrx_word' id='word_1_72' title='bbox 1009 1421 1077 1476; x_wconf 83' lang='lat' dir='ltr'>fucit</span> 
     </span>
     <span class='ocr_line' id='line_1_11' title="bbox 442 1509 676 1565; baseline 0 -1"><span class='ocrx_word' id='word_1_73' title='bbox 442 1511 546 1565; x_wconf 84' lang='lat' dir='ltr'>Paucas</span> <span class='ocrx_word' id='word_1_74' title='bbox 565 1509 676 1564; x_wconf 83' lang='lat' dir='ltr'>Latinas</span> 
     </span>
    </p>
   </div>
   <div class='ocr_carea' id='block_1_4' title="bbox 280 1615 1413 1787">
    <p class='ocr_par' dir='ltr' id='par_1_5' title="bbox 280 1615 1413 1787">
     <span class='ocr_line' id='line_1_12' title="bbox 281 1615 1413 1694; baseline 0.004 -18"><span class='ocrx_word' id='word_1_75' title='bbox 281 1622 467 1694; x_wconf 86' lang='lat' dir='ltr'>perspieumn</span> <span class='ocrx_word' id='word_1_76' title='bbox 492 1631 618 1678; x_wconf 88' lang='lat' dir='ltr'>estnon</span> <span class='ocrx_word' id='word_1_77' title='bbox 643 1639 739 1683; x_wconf 76' lang='lat' dir='ltr'>unam,</span> <span class='ocrx_word' id='word_1_78' title='bbox 766 1615 818 1678; x_wconf 87' lang='lat' dir='ltr'>sed</span> <span class='ocrx_word' id='word_1_79' title='bbox 842 1622 941 1694; x_wconf 84' lang='lat' dir='ltr'>plures</span> <span class='ocrx_word' id='word_1_80' title='bbox 964 1623 1128 1680; x_wconf 74' lang='lat' dir='ltr'>comoedias</span> <span class='ocrx_word' id='word_1_81' title='bbox 1145 1623 1413 1682; x_wconf 80' lang='lat' dir='ltr'>Heautontimoru—</span> 
     </span>
     <span class='ocr_line' id='line_1_13' title="bbox 280 1729 597 1787; baseline -0.009 0"><span class='ocrx_word' id='word_1_82' title='bbox 280 1746 365 1787; x_wconf 90' lang='lat' dir='ltr'>meno</span> <span class='ocrx_word' id='word_1_83' title='bbox 389 1729 597 1786; x_wconf 85' lang='lat' dir='ltr'>antecessisse.</span> 
     </span>
    </p>
   </div>
   <div class='ocr_carea' id='block_1_5' title="bbox 278 1854 1415 2470">
    <p class='ocr_par' dir='ltr' id='par_1_6' title="bbox 278 1854 1415 2470">
     <span class='ocr_line' id='line_1_14' title="bbox 371 1854 1411 1930; baseline 0.002 -19"><span class='ocrx_word' id='word_1_84' title='bbox 371 1854 484 1927; x_wconf 73' lang='lat' dir='ltr'>Quodsi</span> <span class='ocrx_word' id='word_1_85' title='bbox 507 1857 662 1924; x_wconf 89' lang='lat' dir='ltr'>utrumque</span> <span class='ocrx_word' id='word_1_86' title='bbox 684 1870 785 1910; x_wconf 82' lang='lat' dir='ltr'>rerum</span> <span class='ocrx_word' id='word_1_87' title='bbox 810 1859 872 1911; x_wconf 86' lang='lat' dir='ltr'>cst:</span> <span class='ocrx_word' id='word_1_88' title='bbox 905 1861 935 1910; x_wconf 87' lang='lat' dir='ltr'>et</span> <span class='ocrx_word' id='word_1_89' title='bbox 962 1854 1090 1912; x_wconf 88' lang='lat' dir='ltr'>fabulam</span> <span class='ocrx_word' id='word_1_90' title='bbox 1113 1855 1325 1930; x_wconf 87' lang='lat' dir='ltr'>primamsine</span> <span class='ocrx_word' id='word_1_91' title='bbox 1342 1873 1411 1928; x_wconf 91' lang='lat' dir='ltr'>pro--</span> 
     </span>
     <span class='ocr_line' id='line_1_15' title="bbox 280 1961 1415 2034; baseline 0.001 -15"><span class='ocrx_word' id='word_1_92' title='bbox 280 1963 349 2034; x_wconf 90' lang='lat' dir='ltr'>logo</span> <span class='ocrx_word' id='word_1_93' title='bbox 373 1967 471 2024; x_wconf 88' lang='lat' dir='ltr'>actam</span> <span class='ocrx_word' id='word_1_94' title='bbox 495 1977 561 2018; x_wconf 87' lang='lat' dir='ltr'>esse</span> <span class='ocrx_word' id='word_1_95' title='bbox 594 1965 622 2017; x_wconf 93' lang='lat' dir='ltr'>et</span> <span class='ocrx_word' id='word_1_96' title='bbox 652 1961 804 2032; x_wconf 83' lang='lat' dir='ltr'>Hecyram</span> <span class='ocrx_word' id='word_1_97' title='bbox 830 1978 887 2018; x_wconf 90' lang='lat' dir='ltr'>non</span> <span class='ocrx_word' id='word_1_98' title='bbox 911 1962 1035 2033; x_wconf 86' lang='lat' dir='ltr'>primam</span> <span class='ocrx_word' id='word_1_99' title='bbox 1060 1980 1078 2019; x_wconf 76' lang='lat' dir='ltr'>a.</span> <span class='ocrx_word' id='word_1_100' title='bbox 1101 1963 1238 2020; x_wconf 84' lang='lat' dir='ltr'>Terentio</span> <span class='ocrx_word' id='word_1_101' title='bbox 1267 1963 1415 2034; x_wconf 68' lang='lat' dir='ltr'>scriptam,</span> 
     </span>
     <span class='ocr_line' id='line_1_16' title="bbox 280 2067 1408 2141; baseline 0 -15"><span class='ocrx_word' id='word_1_102' title='bbox 280 2085 356 2138; x_wconf 82' lang='lat' dir='ltr'>esse,</span> <span class='ocrx_word' id='word_1_103' title='bbox 382 2085 467 2140; x_wconf 91' lang='lat' dir='ltr'>quam</span> <span class='ocrx_word' id='word_1_104' title='bbox 483 2067 601 2124; x_wconf 89' lang='lat' dir='ltr'>tandem</span> <span class='ocrx_word' id='word_1_105' title='bbox 620 2085 656 2124; x_wconf 87' lang='lat' dir='ltr'>cx</span> <span class='ocrx_word' id='word_1_106' title='bbox 673 2067 779 2124; x_wconf 81' lang='lat' dir='ltr'>ceteris</span> <span class='ocrx_word' id='word_1_107' title='bbox 797 2067 914 2136; x_wconf 77' lang='lat' dir='ltr'>tabulis,</span> <span class='ocrx_word' id='word_1_108' title='bbox 941 2086 1062 2140; x_wconf 87' lang='lat' dir='ltr'>quarum</span> <span class='ocrx_word' id='word_1_109' title='bbox 1079 2086 1164 2126; x_wconf 91' lang='lat' dir='ltr'>suum</span> <span class='ocrx_word' id='word_1_110' title='bbox 1185 2086 1316 2140; x_wconf 89' lang='lat' dir='ltr'>quaeque</span> <span class='ocrx_word' id='word_1_111' title='bbox 1341 2087 1408 2141; x_wconf 89' lang='lat' dir='ltr'>pro·</span> 
     </span>
     <span class='ocr_line' id='line_1_17' title="bbox 278 2173 1412 2248; baseline 0.004 -18"><span class='ocrx_word' id='word_1_112' title='bbox 278 2175 378 2248; x_wconf 86' lang='lat' dir='ltr'>logum</span> <span class='ocrx_word' id='word_1_113' title='bbox 412 2175 531 2242; x_wconf 72' lang='lat' dir='ltr'>habeat,</span> <span class='ocrx_word' id='word_1_114' title='bbox 568 2174 661 2246; x_wconf 88' lang='lat' dir='ltr'>primo</span> <span class='ocrx_word' id='word_1_115' title='bbox 697 2175 761 2229; x_wconf 88' lang='lat' dir='ltr'>loeo</span> <span class='ocrx_word' id='word_1_116' title='bbox 789 2173 818 2229; x_wconf 91' lang='lat' dir='ltr'>in</span> <span class='ocrx_word' id='word_1_117' title='bbox 848 2191 965 2232; x_wconf 76' lang='lat' dir='ltr'>scenam</span> <span class='ocrx_word' id='word_1_118' title='bbox 995 2176 1095 2233; x_wconf 88' lang='lat' dir='ltr'>datam</span> <span class='ocrx_word' id='word_1_119' title='bbox 1125 2193 1190 2232; x_wconf 88' lang='lat' dir='ltr'>esse</span> <span class='ocrx_word' id='word_1_120' title='bbox 1215 2179 1412 2234; x_wconf 73' lang='lat' dir='ltr'>censeamus?</span> 
     </span>
     <span class='ocr_line' id='line_1_18' title="bbox 281 2280 1406 2364; baseline 0.002 -26"><span class='ocrx_word' id='word_1_121' title='bbox 281 2280 359 2339; x_wconf 89' lang='lat' dir='ltr'>Sanc</span> <span class='ocrx_word' id='word_1_122' title='bbox 375 2282 457 2338; x_wconf 89' lang='lat' dir='ltr'>nulla</span> <span class='ocrx_word' id='word_1_123' title='bbox 473 2299 510 2339; x_wconf 85' lang='lat' dir='ltr'>ex</span> <span class='ocrx_word' id='word_1_124' title='bbox 525 2281 647 2358; x_wconf 80' lang='lat' dir='ltr'>reliquis</span> <span class='ocrx_word' id='word_1_125' title='bbox 664 2280 773 2338; x_wconf 83' lang='lat' dir='ltr'>tabulis</span> <span class='ocrx_word' id='word_1_126' title='bbox 789 2281 912 2354; x_wconf 85' lang='lat' dir='ltr'>prologo</span> <span class='ocrx_word' id='word_1_127' title='bbox 929 2287 1024 2351; x_wconf 75' lang='lat' dir='ltr'>ea1ct3</span> <span class='ocrx_word' id='word_1_128' title='bbox 1050 2283 1101 2338; x_wconf 85' lang='lat' dir='ltr'>sed</span> <span class='ocrx_word' id='word_1_129' title='bbox 1113 2283 1249 2364; x_wconf 88' lang='lat' dir='ltr'>prologis</span> <span class='ocrx_word' id='word_1_130' title='bbox 1266 2284 1406 2354; x_wconf 88' lang='lat' dir='ltr'>Hecyrae</span> 
     </span>
     <span class='ocr_line' id='line_1_19' title="bbox 279 2387 1405 2470; baseline 0.002 -24"><span class='ocrx_word' id='word_1_131' title='bbox 279 2389 434 2446; x_wconf 86' lang='lat' dir='ltr'>edocemur</span> <span class='ocrx_word' id='word_1_132' title='bbox 457 2388 625 2470; x_wconf 81' lang='lat' dir='ltr'>Terentium</span> <span class='ocrx_word' id='word_1_133' title='bbox 655 2387 745 2446; x_wconf 88' lang='lat' dir='ltr'>etiam</span> <span class='ocrx_word' id='word_1_134' title='bbox 769 2387 876 2444; x_wconf 85' lang='lat' dir='ltr'>fabulis</span> <span class='ocrx_word' id='word_1_135' title='bbox 907 2390 1010 2446; x_wconf 87' lang='lat' dir='ltr'>relatis</span> <span class='ocrx_word' id='word_1_136' title='bbox 1038 2390 1177 2461; x_wconf 82' lang='lat' dir='ltr'>prologos</span> <span class='ocrx_word' id='word_1_137' title='bbox 1205 2391 1405 2460; x_wconf 88' lang='lat' dir='ltr'>praemisisse.</span> 
     </span>
    </p>
   </div>
   <div class='ocr_carea' id='block_1_6' title="bbox 275 2495 1407 4174">
    <p class='ocr_par' dir='ltr' id='par_1_7' title="bbox 276 2495 1405 3410">
     <span class='ocr_line' id='line_1_20' title="bbox 278 2495 1404 2570; baseline 0 -16"><span class='ocrx_word' id='word_1_138' title='bbox 278 2496 501 2568; x_wconf 82' lang='lat' dir='ltr'>Explorandum</span> <span class='ocrx_word' id='word_1_139' title='bbox 516 2495 611 2569; x_wconf 87' lang='lat' dir='ltr'>igitur</span> <span class='ocrx_word' id='word_1_140' title='bbox 627 2499 684 2564; x_wconf 84' lang='lat' dir='ltr'>est,</span> <span class='ocrx_word' id='word_1_141' title='bbox 709 2499 808 2552; x_wconf 90' lang='lat' dir='ltr'>utrum</span> <span class='ocrx_word' id='word_1_142' title='bbox 833 2496 869 2552; x_wconf 89' lang='lat' dir='ltr'>ad</span> <span class='ocrx_word' id='word_1_143' title='bbox 892 2513 999 2554; x_wconf 85' lang='lat' dir='ltr'>novam</span> <span class='ocrx_word' id='word_1_144' title='bbox 1024 2513 1061 2552; x_wconf 89' lang='lat' dir='ltr'>an</span> <span class='ocrx_word' id='word_1_145' title='bbox 1086 2497 1123 2553; x_wconf 90' lang='lat' dir='ltr'>ad</span> <span class='ocrx_word' id='word_1_146' title='bbox 1146 2498 1271 2555; x_wconf 89' lang='lat' dir='ltr'>relatam</span> <span class='ocrx_word' id='word_1_147' title='bbox 1296 2498 1404 2570; x_wconf 87' lang='lat' dir='ltr'>singuli</span> 
     </span>
     <span class='ocr_line' id='line_1_21' title="bbox 278 2602 1405 2677; baseline 0.002 -17"><span class='ocrx_word' id='word_1_148' title='bbox 278 2603 393 2677; x_wconf 88' lang='lat' dir='ltr'>prologi</span> <span class='ocrx_word' id='word_1_149' title='bbox 417 2607 563 2675; x_wconf 87' lang='lat' dir='ltr'>spectent.</span> <span class='ocrx_word' id='word_1_150' title='bbox 610 2605 658 2659; x_wconf 88' lang='lat' dir='ltr'>Ac</span> <span class='ocrx_word' id='word_1_151' title='bbox 681 2602 820 2674; x_wconf 88' lang='lat' dir='ltr'>prologos</span> <span class='ocrx_word' id='word_1_152' title='bbox 835 2602 1003 2674; x_wconf 80' lang='lat' dir='ltr'>Adelphon,</span> <span class='ocrx_word' id='word_1_153' title='bbox 1029 2604 1224 2672; x_wconf 71' lang='lat' dir='ltr'>Phormionia</span> <span class='ocrx_word' id='word_1_154' title='bbox 1251 2605 1405 2664; x_wconf 88' lang='lat' dir='ltr'>Heauton·</span> 
     </span>
     <span class='ocr_line' id='line_1_22' title="bbox 278 2709 1404 2783; baseline 0 -15"><span class='ocrx_word' id='word_1_155' title='bbox 278 2712 474 2768; x_wconf 84' lang='lat' dir='ltr'>timorumenu</span> <span class='ocrx_word' id='word_1_156' title='bbox 498 2711 535 2766; x_wconf 91' lang='lat' dir='ltr'>ad</span> <span class='ocrx_word' id='word_1_157' title='bbox 559 2709 682 2782; x_wconf 90' lang='lat' dir='ltr'>primam</span> <span class='ocrx_word' id='word_1_158' title='bbox 699 2725 840 2779; x_wconf 85' lang='lat' dir='ltr'>quemque</span> <span class='ocrx_word' id='word_1_159' title='bbox 857 2709 1002 2766; x_wconf 84' lang='lat' dir='ltr'>actionem</span> <span class='ocrx_word' id='word_1_160' title='bbox 1019 2712 1166 2782; x_wconf 87' lang='lat' dir='ltr'>pertinere</span> <span class='ocrx_word' id='word_1_161' title='bbox 1192 2729 1228 2773; x_wconf 80' lang='lat' dir='ltr'>ex</span> <span class='ocrx_word' id='word_1_162' title='bbox 1252 2712 1318 2783; x_wconf 89' lang='lat' dir='ltr'>ipsa</span> <span class='ocrx_word' id='word_1_163' title='bbox 1332 2728 1404 2768; x_wconf 87' lang='lat' dir='ltr'>vore</span> 
     </span>
     <span class='ocr_line' id='line_1_23' title="bbox 281 2814 1402 2890; baseline 0 -15"><span class='ocrx_word' id='word_1_164' title='bbox 281 2821 414 2886; x_wconf 81' lang='lat' dir='ltr'>„novus“</span> <span class='ocrx_word' id='word_1_165' title='bbox 441 2817 643 2890; x_wconf 77' lang='lat' dir='ltr'>cognoscitur3</span> <span class='ocrx_word' id='word_1_166' title='bbox 670 2816 705 2872; x_wconf 82' lang='lat' dir='ltr'>ef.</span> <span class='ocrx_word' id='word_1_167' title='bbox 723 2814 841 2872; x_wconf 91' lang='lat' dir='ltr'>Phorm.</span> <span class='ocrx_word' id='word_1_168' title='bbox 867 2817 940 2887; x_wconf 92' lang='lat' dir='ltr'>prol.</span> <span class='ocrx_word' id='word_1_169' title='bbox 964 2818 1106 2890; x_wconf 83' lang='lat' dir='ltr'>„adporto</span> <span class='ocrx_word' id='word_1_170' title='bbox 1122 2824 1247 2875; x_wconf 57' lang='lat' dir='ltr'>novam*</span> <span class='ocrx_word' id='word_1_171' title='bbox 1274 2818 1402 2890; x_wconf 89' lang='lat' dir='ltr'>Adelph.</span> 
     </span>
     <span class='ocr_line' id='line_1_24' title="bbox 280 2923 1403 2996; baseline 0.003 -16"><span class='ocrx_word' id='word_1_172' title='bbox 280 2925 375 2992; x_wconf 66' lang='lat' dir='ltr'>„Ham</span> <span class='ocrx_word' id='word_1_173' title='bbox 404 2941 457 2982; x_wconf 90' lang='lat' dir='ltr'>nos</span> <span class='ocrx_word' id='word_1_174' title='bbox 491 2924 586 2981; x_wconf 89' lang='lat' dir='ltr'>acturi</span> <span class='ocrx_word' id='word_1_175' title='bbox 615 2940 715 2980; x_wconf 90' lang='lat' dir='ltr'>sumus</span> <span class='ocrx_word' id='word_1_176' title='bbox 744 2927 869 2979; x_wconf 80' lang='lat' dir='ltr'>nouam“</span> <span class='ocrx_word' id='word_1_177' title='bbox 896 2923 1007 2982; x_wconf 88' lang='lat' dir='ltr'>Heaut.</span> <span class='ocrx_word' id='word_1_178' title='bbox 1060 2925 1120 2996; x_wconf 50' lang='lat' dir='ltr'>pUt</span> <span class='ocrx_word' id='word_1_179' title='bbox 1149 2925 1250 2983; x_wconf 91' lang='lat' dir='ltr'>lubeat</span> <span class='ocrx_word' id='word_1_180' title='bbox 1273 2926 1403 2983; x_wconf 88' lang='lat' dir='ltr'>scribere</span> 
     </span>
     <span class='ocr_line' id='line_1_25' title="bbox 277 3029 1403 3102; baseline -0.001 -14"><span class='ocrx_word' id='word_1_181' title='bbox 277 3032 351 3089; x_wconf 85' lang='lat' dir='ltr'>alias</span> <span class='ocrx_word' id='word_1_182' title='bbox 381 3031 509 3102; x_wconf 85' lang='lat' dir='ltr'>mihique</span> <span class='ocrx_word' id='word_1_183' title='bbox 537 3037 572 3087; x_wconf 91' lang='lat' dir='ltr'>nt</span> <span class='ocrx_word' id='word_1_184' title='bbox 595 3031 707 3086; x_wconf 83' lang='lat' dir='ltr'>discere</span> <span class='ocrx_word' id='word_1_185' title='bbox 731 3030 834 3086; x_wconf 78' lang='lat' dir='ltr'>Norae</span> <span class='ocrx_word' id='word_1_186' title='bbox 852 3029 1032 3102; x_wconf 79' lang='lat' dir='ltr'>.expediat.“</span> <span class='ocrx_word' id='word_1_187' title='bbox 1084 3031 1119 3087; x_wconf 90' lang='lat' dir='ltr'>In</span> <span class='ocrx_word' id='word_1_188' title='bbox 1143 3031 1280 3090; x_wconf 86' lang='lat' dir='ltr'>Eunuchi</span> <span class='ocrx_word' id='word_1_189' title='bbox 1304 3039 1403 3090; x_wconf 90' lang='lat' dir='ltr'>autem</span> 
     </span>
     <span class='ocr_line' id='line_1_26' title="bbox 276 3140 1403 3211; baseline -0.001 -16"><span class='ocrx_word' id='word_1_190' title='bbox 276 3140 397 3211; x_wconf 88' lang='lat' dir='ltr'>prologo</span> <span class='ocrx_word' id='word_1_191' title='bbox 422 3154 594 3209; x_wconf 89' lang='lat' dir='ltr'>quamquam</span> <span class='ocrx_word' id='word_1_192' title='bbox 618 3144 706 3208; x_wconf 90' lang='lat' dir='ltr'>poeta</span> <span class='ocrx_word' id='word_1_193' title='bbox 722 3153 794 3193; x_wconf 82' lang='lat' dir='ltr'>rece</span> <span class='ocrx_word' id='word_1_194' title='bbox 822 3142 954 3206; x_wconf 78' lang='lat' dir='ltr'>„novus“</span> <span class='ocrx_word' id='word_1_195' title='bbox 981 3155 1039 3193; x_wconf 92' lang='lat' dir='ltr'>non</span> <span class='ocrx_word' id='word_1_196' title='bbox 1064 3145 1111 3196; x_wconf 88' lang='lat' dir='ltr'>est</span> <span class='ocrx_word' id='word_1_197' title='bbox 1134 3155 1216 3206; x_wconf 79' lang='lat' dir='ltr'>usne,</span> <span class='ocrx_word' id='word_1_198' title='bbox 1241 3143 1342 3194; x_wconf 91' lang='lat' dir='ltr'>tamen</span> <span class='ocrx_word' id='word_1_199' title='bbox 1367 3155 1403 3195; x_wconf 87' lang='lat' dir='ltr'>ex</span> 
     </span>
     <span class='ocr_line' id='line_1_27' title="bbox 276 3244 1402 3318; baseline -0.001 -16"><span class='ocrx_word' id='word_1_200' title='bbox 276 3247 412 3304; x_wconf 80' lang='lat' dir='ltr'>versibus</span> <span class='ocrx_word' id='word_1_201' title='bbox 439 3248 567 3303; x_wconf 82' lang='lat'>19-29</span> <span class='ocrx_word' id='word_1_202' title='bbox 589 3244 760 3316; x_wconf 86' lang='lat' dir='ltr'>planissime</span> <span class='ocrx_word' id='word_1_203' title='bbox 778 3249 900 3315; x_wconf 89' lang='lat' dir='ltr'>apparet</span> <span class='ocrx_word' id='word_1_204' title='bbox 924 3244 1005 3300; x_wconf 92' lang='lat' dir='ltr'>illum</span> <span class='ocrx_word' id='word_1_205' title='bbox 1029 3246 1181 3318; x_wconf 90' lang='lat' dir='ltr'>prologum</span> <span class='ocrx_word' id='word_1_206' title='bbox 1205 3263 1311 3302; x_wconf 90' lang='lat' dir='ltr'>novam</span> <span class='ocrx_word' id='word_1_207' title='bbox 1335 3244 1402 3301; x_wconf 87' lang='lat' dir='ltr'>sub-</span> 
     </span>
     <span class='ocr_line' id='line_1_28' title="bbox 277 3355 592 3410; baseline -0.006 0"><span class='ocrx_word' id='word_1_208' title='bbox 277 3355 409 3410; x_wconf 84' lang='lat' dir='ltr'>secutam</span> <span class='ocrx_word' id='word_1_209' title='bbox 433 3370 508 3410; x_wconf 87' lang='lat' dir='ltr'>esse.</span> <span class='ocrx_word' id='word_1_210' title='bbox 589 3363 592 3370; x_wconf 89' lang='grc'><strong><em>’</em></strong></span> 
     </span>
    </p>

    <p class='ocr_par' dir='ltr' id='par_1_8' title="bbox 275 3452 1407 4174">
     <span class='ocr_line' id='line_1_29' title="bbox 364 3452 1402 3530; baseline -0.002 -13"><span class='ocrx_word' id='word_1_211' title='bbox 364 3463 410 3517; x_wconf 85' lang='lat' dir='ltr'>At</span> <span class='ocrx_word' id='word_1_212' title='bbox 433 3460 463 3516; x_wconf 92' lang='lat' dir='ltr'>in</span> <span class='ocrx_word' id='word_1_213' title='bbox 479 3458 611 3516; x_wconf 89' lang='lat' dir='ltr'>Andriae</span> <span class='ocrx_word' id='word_1_214' title='bbox 635 3452 756 3530; x_wconf 87' lang='lat' dir='ltr'>prologo</span> <span class='ocrx_word' id='word_1_215' title='bbox 779 3473 833 3514; x_wconf 90' lang='lat' dir='ltr'>nec</span> <span class='ocrx_word' id='word_1_216' title='bbox 856 3459 911 3514; x_wconf 89' lang='lat' dir='ltr'>hoc</span> <span class='ocrx_word' id='word_1_217' title='bbox 933 3475 987 3515; x_wconf 90' lang='lat' dir='ltr'>nee</span> <span class='ocrx_word' id='word_1_218' title='bbox 1010 3458 1061 3515; x_wconf 91' lang='lat' dir='ltr'>illo</span> <span class='ocrx_word' id='word_1_219' title='bbox 1084 3459 1169 3516; x_wconf 90' lang='lat' dir='ltr'>modo</span> <span class='ocrx_word' id='word_1_220' title='bbox 1185 3463 1275 3530; x_wconf 89' lang='lat' dir='ltr'>poeta</span> <span class='ocrx_word' id='word_1_221' title='bbox 1297 3475 1402 3515; x_wconf 88' lang='lat' dir='ltr'>novam</span> 
     </span>
     <span class='ocr_line' id='line_1_30' title="bbox 276 3559 1403 3639; baseline -0.002 -15"><span class='ocrx_word' id='word_1_222' title='bbox 276 3569 408 3626; x_wconf 87' lang='lat' dir='ltr'>fabulam</span> <span class='ocrx_word' id='word_1_223' title='bbox 439 3565 592 3624; x_wconf 82' lang='lat' dir='ltr'>indicavit.</span> <span class='ocrx_word' id='word_1_224' title='bbox 640 3564 688 3621; x_wconf 82' lang='lat' dir='ltr'>Ex</span> <span class='ocrx_word' id='word_1_225' title='bbox 723 3559 779 3634; x_wconf 81' lang='lat' dir='ltr'>quo</span> <span class='ocrx_word' id='word_1_226' title='bbox 813 3565 960 3636; x_wconf 87' lang='lat' dir='ltr'>suspicari</span> <span class='ocrx_word' id='word_1_227' title='bbox 994 3564 1064 3621; x_wconf 85' lang='lat' dir='ltr'>licet</span> <span class='ocrx_word' id='word_1_228' title='bbox 1096 3565 1250 3639; x_wconf 87' lang='lat' dir='ltr'>prologum</span> <span class='ocrx_word' id='word_1_229' title='bbox 1278 3582 1336 3622; x_wconf 92' lang='lat' dir='ltr'>non</span> <span class='ocrx_word' id='word_1_230' title='bbox 1367 3565 1403 3622; x_wconf 89' lang='lat' dir='ltr'>ad</span> 
     </span>
     <span class='ocr_line' id='line_1_31' title="bbox 276 3672 1404 3748; baseline -0.004 -15"><span class='ocrx_word' id='word_1_231' title='bbox 276 3676 399 3748; x_wconf 90' lang='lat' dir='ltr'>primam</span> <span class='ocrx_word' id='word_1_232' title='bbox 422 3673 556 3732; x_wconf 88' lang='lat' dir='ltr'>Andriae</span> <span class='ocrx_word' id='word_1_233' title='bbox 581 3673 726 3729; x_wconf 91' lang='lat' dir='ltr'>actionem</span> <span class='ocrx_word' id='word_1_234' title='bbox 751 3672 894 3743; x_wconf 86' lang='lat' dir='ltr'>scriptum</span> <span class='ocrx_word' id='word_1_235' title='bbox 919 3687 994 3728; x_wconf 90' lang='lat' dir='ltr'>esse.</span> <span class='ocrx_word' id='word_1_236' title='bbox 1042 3672 1136 3729; x_wconf 88' lang='lat' dir='ltr'>Recte</span> <span class='ocrx_word' id='word_1_237' title='bbox 1161 3689 1232 3729; x_wconf 89' lang='lat' dir='ltr'>sane</span> <span class='ocrx_word' id='word_1_238' title='bbox 1256 3672 1404 3730; x_wconf 88' lang='lat' dir='ltr'>Dziatzko</span> 
     </span>
     <span class='ocr_line' id='line_1_32' title="bbox 277 3777 1403 3855; baseline -0.005 -15"><span class='ocrx_word' id='word_1_239' title='bbox 277 3782 414 3855; x_wconf 85' lang='lat' dir='ltr'>exposuit</span> <span class='ocrx_word' id='word_1_240' title='bbox 437 3797 494 3838; x_wconf 90' lang='lat' dir='ltr'>non</span> <span class='ocrx_word' id='word_1_241' title='bbox 519 3795 641 3837; x_wconf 88' lang='lat' dir='ltr'>necesse</span> <span class='ocrx_word' id='word_1_242' title='bbox 665 3779 757 3836; x_wconf 84' lang='lat' dir='ltr'>luisse</span> <span class='ocrx_word' id='word_1_243' title='bbox 785 3786 854 3850; x_wconf 88' lang='lat' dir='ltr'>post</span> <span class='ocrx_word' id='word_1_244' title='bbox 883 3777 1104 3851; x_wconf 86' lang='lat' dir='ltr'>pronuntiatum</span> <span class='ocrx_word' id='word_1_245' title='bbox 1131 3777 1251 3835; x_wconf 85' lang='lat' dir='ltr'>titulum</span> <span class='ocrx_word' id='word_1_246' title='bbox 1280 3779 1403 3851; x_wconf 88' lang='lat' dir='ltr'>prologo</span> 
     </span>
     <span class='ocr_line' id='line_1_33' title="bbox 276 3883 1404 3974; baseline -0.004 -28"><span class='ocrx_word' id='word_1_247' title='bbox 276 3891 383 3948; x_wconf 88' lang='lat' dir='ltr'>iterum</span> <span class='ocrx_word' id='word_1_248' title='bbox 399 3889 536 3961; x_wconf 92' lang='lat' dir='ltr'>populum</span> <span class='ocrx_word' id='word_1_249' title='bbox 554 3887 675 3944; x_wconf 89' lang='lat' dir='ltr'>edocere</span> <span class='ocrx_word' id='word_1_250' title='bbox 697 3903 803 3974; x_wconf 82' lang='lat' dir='ltr'>novam</span> <span class='ocrx_word' id='word_1_251' title='bbox 826 3903 892 3943; x_wconf 87' lang='lat' dir='ltr'>esse</span> <span class='ocrx_word' id='word_1_252' title='bbox 913 3885 1051 3942; x_wconf 86' lang='lat' dir='ltr'>fabulam.</span> <span class='ocrx_word' id='word_1_253' title='bbox 1099 3883 1158 3942; x_wconf 84' lang='lat' dir='ltr'>Sed</span> <span class='ocrx_word' id='word_1_254' title='bbox 1182 3886 1258 3956; x_wconf 90' lang='lat' dir='ltr'>quod</span> <span class='ocrx_word' id='word_1_255' title='bbox 1281 3901 1404 3942; x_wconf 88' lang='lat' dir='ltr'>neeesse</span> 
     </span>
     <span class='ocr_line' id='line_1_34' title="bbox 275 3991 1403 4066; baseline -0.006 -12"><span class='ocrx_word' id='word_1_256' title='bbox 275 4014 342 4060; x_wconf 54' lang='lat' dir='ltr'>non,</span> <span class='ocrx_word' id='word_1_257' title='bbox 369 4001 447 4065; x_wconf 66' lang='lat' dir='ltr'>erat„</span> <span class='ocrx_word' id='word_1_258' title='bbox 485 4002 584 4053; x_wconf 84' lang='lat' dir='ltr'>tamen</span> <span class='ocrx_word' id='word_1_259' title='bbox 612 3993 768 4050; x_wconf 82' lang='lat' dir='ltr'>Terentius</span> <span class='ocrx_word' id='word_1_260' title='bbox 798 3993 868 4050; x_wconf 87' lang='lat' dir='ltr'>fecit</span> <span class='ocrx_word' id='word_1_261' title='bbox 899 3993 930 4050; x_wconf 89' lang='lat' dir='ltr'>in</span> <span class='ocrx_word' id='word_1_262' title='bbox 958 3991 1079 4062; x_wconf 89' lang='lat' dir='ltr'>reliquis</span> <span class='ocrx_word' id='word_1_263' title='bbox 1107 3993 1254 4066; x_wconf 82' lang='lat' dir='ltr'>prologis,</span> <span class='ocrx_word' id='word_1_264' title='bbox 1285 3992 1315 4049; x_wconf 88' lang='lat' dir='ltr'>in</span> <span class='ocrx_word' id='word_1_265' title='bbox 1346 4008 1403 4049; x_wconf 93' lang='lat' dir='ltr'>uno</span> 
     </span>
     <span class='ocr_line' id='line_1_35' title="bbox 275 4099 1407 4174; baseline -0.007 -12"><span class='ocrx_word' id='word_1_266' title='bbox 275 4104 408 4162; x_wconf 80' lang='lat' dir='ltr'>Andriae</span> <span class='ocrx_word' id='word_1_267' title='bbox 437 4103 558 4174; x_wconf 90' lang='lat' dir='ltr'>prologo</span> <span class='ocrx_word' id='word_1_268' title='bbox 587 4118 646 4158; x_wconf 89' lang='lat' dir='ltr'>nen</span> <span class='ocrx_word' id='word_1_269' title='bbox 675 4099 757 4158; x_wconf 89' lang='lat' dir='ltr'>fecit.</span> <span class='ocrx_word' id='word_1_270' title='bbox 823 4101 890 4157; x_wconf 87' lang='lat' dir='ltr'>Hoc</span> <span class='ocrx_word' id='word_1_271' title='bbox 919 4116 953 4157; x_wconf 88' lang='lat' dir='ltr'>eo</span> <span class='ocrx_word' id='word_1_272' title='bbox 981 4099 1076 4171; x_wconf 85' lang='lat' dir='ltr'>magis</span> <span class='ocrx_word' id='word_1_273' title='bbox 1112 4099 1217 4156; x_wconf 91' lang='lat' dir='ltr'>mirum</span> <span class='ocrx_word' id='word_1_274' title='bbox 1247 4103 1309 4166; x_wconf 83' lang='lat' dir='ltr'>est,</span> <span class='ocrx_word' id='word_1_275' title='bbox 1347 4114 1407 4168; x_wconf 85' lang='lat' dir='ltr'>quo·</span> 
     </span>
    </p>
   </div>
   <div class='ocr_carea' id='block_1_7' title="bbox 0 0 1668 5016">
    <p class='ocr_par' dir='ltr' id='par_1_9' title="bbox 0 0 1668 5016">
     <span class='ocr_line' id='line_1_36' title="bbox 0 0 1668 5016; baseline 0 3"><span class='ocrx_word' id='word_1_276' title='bbox 0 0 1668 5016; x_wconf 95' lang='lat' dir='ltr'> </span> 
     </span>
    </p>
   </div>
  </div>
 </body>
</html>
