3326 5016
799 435 1019 488 *32-

350 607 407 680 illo,
439 607 469 664 iu
499 625 554 678 quo
588 625 673 679 quam
702 614 873 666 contractus
908 611 956 684 (cf.
982 629 1009 668 r.
1039 612 1091 686 18)
1126 613 1215 669 lherit
1252 613 1365 670 arrianus
1400 632 1471 672 suus

348 719 418 786 post
450 715 586 787 Hecyrae
616 716 760 773 actionem
789 717 944 786 infelicem,
980 735 1064 789 qtram
1100 719 1222 778 diffusus
1252 721 1301 794 (cf.
1326 739 1354 777 r.
1384 725 1398 778 1
1426 739 1470 794 sq.

349 825 379 878 et
397 825 433 880 31
455 823 532 896 sqq.)
556 827 626 894 post
646 823 1000 882 Heautontimorumcuon
1025 844 1089 882 cum
1115 843 1254 885 successu
1279 833 1386 887 aotam.
1410 834 1470 886 tum

347 929 472 1001 ingenue
501 935 587 1000 pocta
617 931 782 999 confitetur,
817 938 850 988 ut
878 930 993 989 illarum
1022 934 1143 990 duarum
1178 935 1342 992 fabularum
1374 953 1470 992 recor-

348 1036 495 1094 dationem
535 1039 761 1110 nieruoriamque
805 1039 885 1095 nulla
936 1039 1011 1098 alius
1054 1056 1148 1096 novae
1191 1041 1307 1100 fabulae
1355 1043 1470 1100 actione

347 1160 511 1214 repressam
537 1144 625 1201 etiam
650 1150 720 1202 tune
744 1150 891 1214 recentem
916 1146 1007 1204 hrisse
1032 1147 1164 1204 eluceat?

435 1251 583 1322 Deinceps
609 1269 645 1307 cx
669 1253 799 1325 prologis
823 1253 965 1326 indagare
987 1253 1120 1323 studebo,
1147 1272 1220 1326 quae
1242 1257 1337 1328 prima
1361 1259 1470 1316 Terent

346 1358 445 1416 fabula.
468 1359 567 1416 fuerit.
615 1360 664 1416 Arl
688 1360 764 1416 hauc
793 1361 994 1430 quaestionem
1028 1362 1126 1434 magui
1156 1362 1282 1420 interest
1312 1365 1467 1436 explorari,

346 1469 443 1522 utrum
469 1483 533 1522 cum
556 1467 678 1540 prologo
702 1484 739 1523 an
764 1467 827 1524 siue
851 1468 972 1540 prologo
1000 1469 1154 1526 Terentius
1183 1471 1307 1540 primam
1340 1471 1469 1529 sahulem

346 1573 490 1643 docuerit;
523 1575 599 1645 quorl
623 1574 709 1631 facilc
740 1575 958 1643 tlihulicareris
990 1576 1025 1644 si,
1056 1593 1130 1648 quae
1159 1577 1193 1634 ‹le
1222 1577 1373 1648 provincia
1403 1595 1468 1650 pro-

345 1680 475 1753 logorum
506 1682 655 1738 sententia
684 1682 820 1739 Terentio
850 1683 978 1751 steterit,
1011 1684 1254 1741 consideraveris,
1317 1685 1401 1743 Haeo
1430 1703 1468 1743 ex

343 1787 474 1860 prologis
504 1789 590 1859 plano
620 1789 818 1862 cognoscitur.
875 1791 959 1862 Quod
989 1790 1065 1847 enim
1095 1791 1125 1846 in
1156 1791 1314 1862 Adelphon
1345 1792 1468 1866 prologo

343 1900 431 1965 pocta
461 1901 560 1953 monet
598 1897 730 1965 „Dehinc
761 1914 796 1954 ne
827 1898 1006 1969 exspectetis
1031 1901 1235 1970 argumentum
1263 1899 1411 1969 labtrlae“‚
1438 1901 1466 1956 in

344 2003 477 2059 omnibus
507 2004 614 2061 fabulis
650 2006 749 2062 valere
782 2006 914 2062 videmus
949 2023 1042 2076 ueqrre
1073 2003 1191 2062 difficile
1223 2011 1270 2062 est
1302 2005 1464 2070 intellectu,

344 2127 395 2166 cm
428 2119 632 2182 argumentum
657 2129 777 2168 narrare
808 2112 843 2168 de
872 2112 1019 2170 industria
1042 2117 1131 2183 poeto
1159 2113 1299 2183 noluerit;
1331 2113 1464 2184 quotiens

343 2217 419 2274 enirn
443 2217 571 2275 fabulam
596 2217 729 2287 docebat,
754 2223 840 2276 tanta
864 2227 928 2277 arte
953 2236 1016 2276 eam
1039 2219 1147 2276 fecisse
1163 2219 1220 2276 sihi
1238 2220 1372 2278 conscius
1390 2225 1463 2288 erat,

342 2330 376 2382 ut
398 2325 531 2382 narratio
555 2325 721 2398 argumenti
742 2344 798 2383 non
821 2327 906 2384 modo
923 2326 1101 2395 necessaria,
1127 2326 1179 2382 sed
1194 2343 1232 2383 nc
1248 2325 1332 2384 utilis
1349 2325 1465 2398 quidem

343 2436 432 2489 osset.
479 2432 608 2490 Nolebat
637 2433 730 2506 igitur
760 2439 848 2506 poeta
877 2434 907 2490 in
939 2434 1069 2507 prologis
1100 2435 1304 2507 argumentum
1333 2450 1462 2490 narrare.

342 2539 390 2597 lta
414 2557 483 2596 vero
514 2540 548 2596 (le
577 2540 632 2596 hac
660 2556 691 2598 re
727 2541 903 2598 sentientem
935 2545 1052 2612 poetam
1086 2541 1201 2598 omnino
1235 2541 1373 2614 prologos
1407 2557 1465 2597 non

342 2647 470 2704 scribere
499 2647 682 2718 propositum
712 2648 852 2704 habuisse
882 2647 933 2703 rix
960 2646 1086 2704 mireris.
1138 2647 1182 2704 Et
1210 2663 1280 2703 roro
1309 2647 1464 2704 Terent-ius

341 2751 466 2829 primum
490 2756 607 2828 quidem
631 2755 693 2812 sine
717 2755 847 2828 prologis
872 2753 989 2811 fabulas
1013 2755 1044 2810 iu
1068 2771 1185 2812 scenam
1209 2755 1279 2811 <lare
1304 2757 1463 2822 statuerat,

340 2865 370 2921 iu
395 2865 471 2936 quod
495 2863 681 2935 perspicuum
706 2868 752 2920 est
777 2880 812 2918 ex
838 2861 931 2919 Andr.
956 2861 1029 2932 prol.
1054 2877 1116 2918 rss.
1145 2862 1228 2916 1-3

501 2977 587 3030 Poeta
607 2991 686 3042 quom
704 2973 818 3042 primum
839 2972 954 3027 animum
974 2973 1006 3026 ad
1026 2971 1193 3026 scribendum
1213 2973 1323 3040 adpulit,

501 3063 532 3118 Id
552 3063 603 3118 sihi
621 3063 713 3131 negoti
734 3061 847 3118 credidit
866 3061 969 3116 solum
990 3060 1055 3126 dari,

500 3153 604 3220 Populo
624 3157 655 3206 ut
672 3153 808 3220 placerent
827 3169 892 3219 qrras
912 3150 1021 3206 fecisset
1040 3149 1151 3204 fabulas.

428 3255 492 3314 Nec
519 3256 616 3314 minus
647 3259 759 3312 certum
788 3260 835 3311 est
863 3253 970 3311 fecisse
998 3253 1175 3322 Terentium,
1202 3254 1278 3325 quod
1302 3259 1461 3312 statuerat.

339 3366 475 3436 Hecyrae
510 3363 586 3420 euim
619 3363 713 3434 prima
747 3362 825 3419 actio
858 3361 980 3434 prologo
1018 3353 1170 3433 carmeli)
1228 3359 1389 3418 Praeterea
1427 3378 1463 3418 ex

339 3472 456 3529 Phorm.
482 3471 555 3542 prol.
581 3486 642 3526 uss
672 3471 800 3526 12--14

339 3645 465 3700 Ceterum
484 3645 537 3699 iam
555 3644 653 3714 Liebig
672 3645 732 3711 (De.
752 3644 817 3713 prol.
838 3645 897 3698 Ter.
918 3648 946 3697 et
964 3644 1054 3696 Plaut.
1074 3661 1098 3711 p.
1121 3646 1133 3696 1
1155 3639 1166 3710 )
1186 3641 1298 3696 miratus
1324 3643 1374 3706 est,
1394 3640 1463 3706 quod

339 3753 371 3789 ex
390 3734 549 3789 auctorit-ate
568 3732 770 3789 didascaliarum
782 3733 852 3787 inter
861 3733 960 3786 Heaut.
975 3737 1003 3786 et
1015 3731 1201 3786 Phormionem
1220 3729 1364 3784 Eunuchus
1384 3727 1464 3783 inter·

337 3825 459 3892 ponenda
478 3830 557 3879 esset.

429 3912 463 3979 Π)
483 3913 556 3968 Nihil
576 3913 661 3978 rideo,
682 3930 728 3966 our
748 3911 828 3966 etiam
847 3912 879 3965 ad
898 3908 1010 3978 primam
1030 3910 1154 3979 Hecyrae
1174 3908 1305 3964 actionem
1324 3907 1462 3976 prologum

338 4002 466 4071 scriptum
487 4019 544 4057 esse
570 4020 681 4071 eumque
705 4002 835 4057 excidisse
859 4000 1004 4063 credamus,
1027 3999 1055 4053 id
1079 3999 1149 4065 quod
1175 3998 1308 4052 Dziatzho
1332 4014 1365 4051 nc
1390 3995 1463 4050 tituli

338 4092 443 4159 quidem
467 4091 556 4147 verbis
580 4092 631 4146 fide
654 4092 747 4148 hahita
769 4091 836 4146 vult.
874 4089 964 4143 litium
988 4087 1057 4142 Phil.
1082 4087 1165 4144 Fabia
1189 4086 1240 4155 (les
1264 4087 1405 4156 prolognes
1430 4087 1462 4140 de

338 4183 462 4246 Terence,
487 4181 566 4236 Paris
593 4179 674 4241 1888)
700 4179 854 4236 Terentium
880 4185 983 4247 septem
1006 4183 1121 4242 nostroe,
1146 4196 1198 4232 non
1221 4177 1310 4246 plures
1338 4175 1463 4244 prologos
