3326 5016
680 381 902 435 .-33„.

388 556 465 608 Nune
485 553 567 622 siquis
586 559 636 618 est,
656 552 702 620 qui
720 555 770 610 hoc
789 554 861 609 dieat
881 559 928 608 aut
947 554 986 610 sio
1005 553 1120 624 cogitet:

388 646 477 704 l'etus
497 642 519 696 si
539 649 618 710 poeto
637 660 689 696 non
708 643 861 698 lacessisset
878 641 958 712 prior,

388 734 497 787 Nrdlum
517 731 635 787 inuenire
655 733 792 800 prologum
812 741 905 800 posset
923 750 1015 786 nouos.

135 837 138 843 ’
227 852 352 920 apparet
380 852 498 918 poetam
528 849 597 901 ante
626 843 833 902 Phormionem
863 845 1007 914 quasdam
1035 845 1163 902 tabulas.
1198 848 1250 901 aut
1274 849 1356 900 oerte

227 972 323 1024 unam,
359 953 423 1010 sine
447 953 570 1025 prologo
599 952 628 1008 in
657 968 775 1008 soonam
800 950 927 1008 dedisse.
975 951 1169 1023 Perspiourmr
1193 951 1357 1025 igiturest

227 1063 351 1134 primum
379 1060 510 1116 voluisse
539 1059 708 1116 Terentium
737 1058 801 1114 sine
829 1060 960 1132 prologis
990 1059 1105 1116 tabulas
1140 1060 1198 1131 agi.
1246 1059 1358 1117 Postea.

227 1174 326 1226 autem
354 1184 411 1239 qua
440 1167 474 1223 de
503 1183 594 1223 eausa
622 1165 710 1222 etiam
736 1166 773 1222 ad
796 1166 935 1238 prologos
960 1166 1131 1223 scribendos
1157 1166 1284 1224 animmn
1308 1185 1358 1238 ap-

227 1275 346 1348 pulerit,
372 1275 435 1345 ipse
454 1265 548 1345 ¹poeta
571 1274 600 1329 in
625 1273 758 1330 Andriae
782 1273 904 1345 prologo
928 1273 1099 1344 profitetur:

389 1397 457 1450 Nam
476 1394 503 1448 in
522 1393 639 1463 prologis
659 1392 807 1448 scribundis
827 1409 936 1461 operam
952 1371 1080 1458 abolitur,

390 1485 449 1539 Non
469 1483 513 1551 qui
535 1487 723 1553 argumentum
742 1488 841 1547 narret,
862 1483 909 1538 sed
929 1483 973 1550 qui
992 1483 1108 1538 maliuoli

389 1573 499 1629 Veteris
518 1583 613 1642 poetae
633 1572 782 1627 maledictis
801 1573 968 1641 respondeat.

317 1687 515 1745 Maledixerat
545 1683 639 1758 igitur
666 1688 753 1741 vetus
782 1689 884 1755 poeta,
918 1685 1165 1756 respondebat
1189 1685 1355 1742 Terentius.

227 1797 306 1870 Quid
330 1795 419 1852 vero?
442 1794 521 1850 Num
546 1791 698 1850 credamus
714 1791 851 1848 Terentio
872 1791 919 1849 rel
936 1791 1060 1862 primam
1084 1791 1214 1849 fabulam
1239 1792 1356 1849 dooenti

228 1920 348 1962 eatrsam
365 1903 517 1972 locumque
533 1899 729 1970 respondendi
746 1898 856 1955 fulsse?
871 1897 1001 1967 Minime,
1020 1916 1086 1955 nam
1102 1899 1199 1972 ignoti
1211 1899 1354 1958 homines.

228 2017 261 2069 ut
294 2010 404 2068 nemini
439 2008 500 2064 fere
535 2005 733 2074 admirationi,
769 2005 812 2062 ita
840 2022 876 2061 ne
906 2005 1116 2063 obtrectationi
1144 2007 1261 2078 quidem
1290 2023 1357 2062 esse

228 2121 338 2187 solent;
381 2133 417 2173 ox
452 2132 593 2172 suecessu
625 2115 739 2171 demum
774 2113 905 2182 invidia·
938 2112 1051 2186 gloriae
1088 2111 1209 2170 assidua
1248 2129 1355 2182 eomes,

228 2225 371 2281 nascitur.
419 2221 620 2279 Verisimilius
654 2222 747 2294 igitur
775 2225 830 2289 est,
862 2221 888 2276 si
916 2220 1001 2276 modo
1030 2219 1159 2277 Luscius
1187 2219 1355 2278 Terentium

229 2336 299 2386 ante
324 2335 420 2387 aetam
444 2330 566 2401 primam
602 2329 665 2385 elus
700 2328 829 2386 fabulam
851 2332 984 2394 noverat,
1022 2333 1196 2384 veteranum
1231 2327 1356 2385 tironem

230 2455 303 2494 naso
328 2438 441 2494 adunoo
466 2435 657 2507 suspendisse
681 2452 767 2506 quam
784 2434 903 2507 dignum
927 2451 992 2491 euru
1017 2451 1082 2491 esse
1106 2434 1272 2505 putavisse,
1299 2434 1355 2491 oui.

231 2561 403 2617 quamquam
437 2561 473 2600 ne
509 2561 595 2602 unam
632 2542 746 2615 quidem
782 2541 912 2598 fabulam
941 2541 1047 2612 populo
1071 2539 1269 2612 probavisset,
1307 2541 1357 2598 ob-

231 2656 384 2709 trectaret.
421 2652 522 2722 Neque
539 2668 651 2720 vereor,
676 2666 712 2707 ne
737 2666 794 2720 qua
818 2648 923 2705 notitia
948 2647 1026 2704 inter
1041 2654 1171 2704 veterem
1196 2653 1227 2705 et
1250 2664 1357 2704 novum

229 2764 347 2831 poetam
372 2764 440 2816 ante
464 2757 587 2828 primam
610 2758 728 2814 Terenti
746 2755 876 2814 fabulam
900 2759 996 2812 aetam
1013 2753 1111 2811 suerit.
1148 2754 1197 2811 Ex
1220 2754 1357 2812 versibus

231 2869 272 2922 ‘22
298 2872 325 2921 et
352 2868 393 2922 23
419 2865 495 2922 enim
519 2865 593 2936 prol.
618 2864 728 2922 Heaut.

391 2969 459 3021 Tum
478 2967 548 3034 quod
566 2966 706 3021 maliuolus
726 2972 804 3020 uetus
823 2971 901 3034 poeta
922 2964 1038 3019 dictitat.

391 3059 542 3125 Repente
561 3057 594 3110 nd
614 3054 732 3110 studium
751 3056 820 3108 huno
839 3071 867 3109 se
886 3054 1034 3123 applicasse
1053 3053 1183 3108 musioum

230 3152 307 3208 satis
331 3157 454 3223 apparet
482 3150 552 3208 noxi
582 3156 688 3222 poetae
712 3151 834 3221 primam
858 3150 988 3207 fabulam
1019 3149 1053 3206 de
1077 3148 1238 3220 improviso
1261 3148 1356 3206 veteri

230 3263 336 3330 poetae
360 3258 480 3328 eiusque
504 3257 627 3314 asseolis
651 3258 856 3316 intervenisse.

320 3365 385 3421 Iam
399 3363 502 3435 pauois
519 3365 705 3436 complectar,
725 3381 798 3436 quae
814 3365 899 3421 modo
917 3363 1057 3421 disserui:
1083 3362 1187 3420 Noluit
1200 3363 1356 3422 Terentius

230 3473 369 3545 prologos
405 3469 549 3540 seribere;
590 3471 748 3529 lacessitus
784 3472 897 3529 demum
925 3471 1090 3528 maledictis
1120 3470 1357 3528 adversariorum

231 3579 369 3652 prologos
386 3575 516 3636 seribere
531 3577 638 3648 eoepit.
656 3577 751 3648 Atqui
764 3577 859 3634 nullos
872 3577 974 3634 habuit
988 3577 1144 3634 Terentius
1158 3577 1355 3646 adversarios,

230 3687 400 3758 priusquam
416 3685 509 3757 prima
534 3683 597 3742 eius
613 3683 713 3740 tabula
737 3689 873 3755 spectata
893 3684 1013 3754 plaouit.
1062 3681 1132 3740 Sine
1148 3684 1271 3756 prologo
1286 3701 1358 3756 ergo

230 3791 386 3849 Terentius
410 3792 533 3861 primam
556 3791 683 3850 fabulum
707 3791 816 3850 doonit.

232 3946 370 4015 scripsisse
389 3945 498 4010 iudicat,
518 3947 587 4014 quod
606 3946 711 4014 quidem
730 3948 853 4016 perspexi
871 3965 903 4002 ex
922 3947 969 4011 eis,
990 3963 1056 4014 quae
1077 3949 1109 3999 Α.
1124 3947 1311 4016 Engelbreobt
1332 3946 1357 3999 in

231 4036 302 4090 illius
321 4035 390 4098 libri,
410 4051 489 4102 quem
508 4035 593 4105 ipsum
619 4035 748 4106 inspirare
772 4055 824 4091 non
848 4036 931 4104 potui,
955 4051 1066 4090 censura
1091 4035 1210 4090 breviter
1234 4035 1359 4102 exposuit

231 4125 316 4194 (Berl.
337 4123 408 4178 Plril.
428 4124 620 4179 Woehensrlrr.
642 4131 711 4180 iseo
729 4127 778 4180 No.
800 4129 833 4179 14
852 4144 876 4194 p.
896 4127 1058 4190 434-436).

1162 4219 1179 4266 :a
