3326 5016
746 396 908 448 .9,„

244 573 273 629 in
297 573 435 644 Hecyrae
459 574 582 645 prologo
606 573 639 629 Π
662 573 741 630 iuter
763 589 792 628 1.
819 574 860 628 20
886 576 916 628 01
942 575 980 628 21

351 691 397 759 (²⁰)
416 693 494 746 Nunc
513 692 576 760 quid
594 700 693 761 petam,
712 709 772 746 moa
791 709 871 746 causa
890 709 974 758 aequo
995 691 1081 745 animo
1102 691 1245 746 attendite.

351 781 396 848 (²¹)
414 782 551 850 Hecyram
569 783 603 836 ad
622 799 671 836 uos
690 782 777 835 refero
798 799 822 848 q.
843 797 865 835 0.

334 892 394 952 Sed
416 898 518 951 tamen
541 898 678 952 neutrum
701 895 797 952 locum
820 894 931 952 iustam
954 894 1036 951 illius
1051 911 1157 951 versus
1183 895 1282 951 sedem
1307 911 1373 950 esse

244 1002 387 1070 arbitror,
412 1018 479 1058 nam
501 1002 670 1058 accuratius
692 1001 780 1058 huius
797 1018 903 1058 versus
920 1001 979 1058 11111
1001 1001 1193 1072 perpendenti
1210 1000 1247 1058 ad
1263 1001 1373 1057 nullam

244 1123 366 1180 prorsus
401 1107 609 1166 Terentianam
649 1108 781 1165 fabulam
820 1113 956 1180 spectare
995 1125 1102 1165 versus
1136 1107 1208 1164 mihi
1243 1107 1371 1165 videtur.

245 1215 302 1273 Illo
327 1216 403 1271 enim
426 1232 515 1271 uersu
542 1213 573 1271 id
601 1215 697 1286 ipsum
727 1215 879 1286 explanari
910 1215 982 1272 mihi
1005 1214 1139 1284 videtur,
1170 1215 1246 1286 quod
1270 1215 1373 1272 adver-

247 1321 318 1378 sarii
340 1321 461 1378 Terenti
485 1327 589 1392 poetas
613 1321 763 1379 Romanos
793 1321 974 1395 exemplaria
999 1321 1116 1379 Graeca
1146 1325 1300 1379 vertentes
1325 1321 1373 1378 de-

247 1445 312 1486 cere
347 1429 550 1486 autumabant.
609 1429 713 1498 Neque
755 1445 826 1485 vero
861 1401 946 1486 modo
990 1445 1008 1486 a
1043 1404 1293 1486 contaminatione
1328 1427 1372 1485 illi

247 1536 454 1603 abhorrebant,
481 1535 641 1593 sedetiam
658 1552 722 1592 eam
737 1536 833 1609 legem
848 1535 1062 1608 proponebant,
1087 1539 1130 1605 ut,
1156 1536 1233 1606 quod
1249 1535 1373 1606 quisque

247 1642 394 1714 exemplar
416 1646 559 1712 verteret,
589 1642 709 1700 minime
737 1646 868 1700 mutaret
895 1643 1048 1700 vertendo.
1097 1643 1164 1698 Hoc
1194 1641 1261 1700 illos
1286 1642 1373 1700 facile

246 1749 349 1807 credas
383 1748 583 1821 appellavisse
622 1765 677 1818 „ex
712 1749 831 1822 integra
860 1748 975 1806 Graeca
1009 1749 1159 1821 integram
1193 1748 1373 1806 comoediam

245 1857 376 1927 facere“,
413 1857 490 1926 quod
524 1856 601 1912 idem
634 1856 791 1913 Terentius
828 1855 916 1930 (Eun.
947 1857 1021 1928 prol.
1052 1874 1080 1914 1.
1114 1860 1132 1912 7
1162 1856 1219 1930 sq.)
1253 1856 1374 1913 1000111

250 1963 359 2033 ,bene
388 1963 532 2020 uortendo
567 1969 598 2019 01
629 1963 759 2020 easdem
783 1963 939 2020 scribendo
969 1965 1044 2020 male
1071 1981 1107 2020 ex
1131 1963 1256 2020 Graecis
1287 1962 1373 2020 bonis

245 2070 373 2128 Latinas
409 2070 507 2126 facere
542 2087 600 2126 non
634 2071 759 2127 bouas“.
824 2070 912 2128 Licet
947 2070 1041 2144 igitur
1076 2070 1248 2139 Terentina,
1286 2086 1371 2140 quum

245 2177 452 2235 Phormionem
476 2182 507 2234 et
535 2177 687 2250 Hecyram
715 2177 873 2248 scriberet,
904 2178 1154 2236 contaminatione
1184 2177 1371 2244 abstinuerit,

246 2291 345 2342 tamen
376 2286 450 2344 duas
482 2284 549 2342 illas
577 2285 693 2343 fabulas
722 2302 780 2342 non
809 2289 871 2343 tam
900 2284 1044 2354 „obscura
1068 2285 1244 2359 diligentia“
1269 2284 1371 2352 101111,

248 2396 282 2448 ut
315 2392 451 2464 integrae
487 2409 523 2448 ex
554 2391 682 2465 integris
713 2391 838 2450 Graecis
873 2393 987 2450 fierent.
1035 2392 1101 2465 Qua
1136 2393 1172 2449 de
1204 2409 1295 2449 eausa
1322 2391 1373 2448 1110

247 2515 367 2568 versus,
403 2498 462 2555 11101
495 2499 532 2556 ad
562 2498 690 2557 fabulam
726 2499 853 2570 aliquam
883 2499 1120 2557 adversariorum
1149 2503 1306 2571 spontane,
1344 2498 1373 2555 111

247 2605 327 2662 nullo
343 2605 519 2663 Terentiano
541 2589 663 2678 prologo
683 2607 804 2663 tolerari
827 2610 936 2678 potest.
972 2607 1040 2664 Uno
1065 2611 1163 2663 autem
1185 2607 1216 2662 in
1237 2604 1373 2663 Eunuchi

246 2713 368 2786 prologo
398 2713 565 2770 0011001100
594 2731 612 2770 0
640 2716 741 2770 101010
773 2717 862 2785 poeta
889 2713 1009 2770 Terenti
1043 2712 1245 2770 inimicissimo
1274 2713 1373 2770 factae

246 2815 450 2878 nominantur:
486 2820 617 2878 Phasma
648 2825 678 2878 et
706 2821 906 2878 Thensaurus
954 2820 991 2876 111
1014 2819 1185 2877 Thensauro
1215 2819 1284 2890 quid
1308 2836 1373 2891 per·

246 2944 349 2999 peram
372 2927 478 2986 fecerit
500 2927 640 2997 Luscius,
666 2933 807 2997 quattuor
829 2926 967 2984 versibus
984 2927 1140 2984 Terentius
1166 2927 1296 2998 exponit,
1321 2928 1373 2984 sed

248 3035 284 3092 de
307 3034 471 3092 Phasmate
494 3035 542 3092 hic
565 3051 640 3091 unus
664 3051 769 3092 101010
795 3038 854 3092 est:

408 3154 506 3222 ldem5)
524 3153 664 3208 Menandri
683 3154 801 3208 Phasma
818 3171 888 3209 nunc
907 3172 992 3223 nuper
1011 3154 1085 3209 dedit

248 3266 306 3338 qui,
324 3270 359 3322 ut
373 3267 473 3323 verbis
486 3265 604 3323 Bentlei
620 3270 698 3334 utar,
718 3282 806 3323 arena
819 3266 883 3323 sine
896 3267 977 3323 calce
993 3271 1049 3324 est.
1074 3266 1145 3323 Etsi
1162 3267 1238 3323 enim
1255 3283 1292 3323 ex
1308 3284 1375 3323 con·

248 3377 334 3430 textu
349 3373 443 3430 totius
459 3373 516 3429 1001
532 3373 717 3446 intellegitur
732 3372 862 3429 fabulam
878 3374 974 3430 minus
990 3373 1148 3445 placuisse,
1175 3378 1257 3431 certa
1276 3378 1376 3431 tamen

249 3496 339 3538 causa
351 3479 520 3537 offensionis
534 3479 728 3536 desideratur.
745 3479 821 3537 Post
832 3481 910 3538 hunc
925 3481 1039 3553 prologi
1051 3480 1188 3538 Eunuchi
1201 3497 1320 3537 versum
1332 3480 1375 3538 in-

249 3587 404 3644 serendum
421 3604 487 3644 0000
505 3603 611 3644 censeo
626 3566 745 3644 versum
760 3592 896 3657 quartum
912 3588 1026 3660 prologi
1039 3588 1376 3644 Heautontimorumeno

409 3708 452 3760 llx
470 3706 578 3776 integra
598 3707 702 3761 Graeca
720 3706 854 3775 integram
873 3707 1044 3761 comoediam.

247 3817 461 3824 ——-—-——--

338 3867 359 3934 Ι”)
378 3867 518 3922 Bentleius
538 3886 584 3936 pro
605 3867 709 3934 „idem‘
729 3866 819 3936 posuit
839 3866 920 3932 „item
940 3866 996 3931 ac“,
1017 3868 1183 3934 quodquam
1207 3866 1320 3922 alienum
1344 3867 1375 3921 ab

247 3959 373 4012 hocloco
394 3961 474 4022 00001,
495 3958 527 4010 G.
539 3957 711 4011 Hermannus
733 3955 843 4024 (Opusc.
862 3956 891 4010 Π
910 3973 934 4023 p.
949 3961 1001 4009 275
1015 3954 1067 4023 sq.)
1089 3955 1215 4010 ostendit.
1244 3956 1375 4010 Dziatzho

247 4046 274 4098 in
294 4045 438 4100 editionem
462 4063 537 4100 suam
563 4047 664 4111 „nunc“
694 4045 825 4113 particula
853 4045 927 4098 uncis
956 4045 1057 4100 inclusa
1081 4063 1128 4115 pro
1150 4044 1377 4114 ,,110(111“1000011

250 4134 409 4204 ,perdidit“,
430 4135 499 4201 quod
518 4135 607 4188 Bothe
627 4134 784 4189 coniecerat.
