3326 5016
772 465 992 518 ..26-

320 640 418 713 philae
453 658 534 698 amor
568 642 761 715 refrigeratus
798 641 858 698 esti
918 639 1000 713 Quae
1039 640 1124 713 virgo
1166 641 1299 712 prolecto
1334 638 1446 696 miseri-

320 747 448 806 cordiam
478 754 610 806 nostram
640 765 799 820 exposcere
827 748 954 806 ridetur.
1003 747 1217 806 Libentissime
1249 746 1325 803 enim
1351 745 1446 802 animo

319 855 356 912 ad
378 854 503 912 Cliniam
525 856 670 914 festinans
690 873 748 913 non
773 861 820 913 est
843 856 939 913 verita
960 873 1018 912 una
1042 872 1106 912 cum
1127 854 1282 912 meretrice
1297 851 1446 910 Bacchide

321 960 428 1034 Syrum
466 963 556 1034 sequi.
615 963 676 1020 Vix
712 967 810 1020 autem
844 979 951 1038 magno
987 979 1052 1019 cum
1085 961 1194 1035 gaudio
1229 960 1447 1018 adulescentem

321 1069 505 1128 carissimum
533 1070 650 1128 viderat
683 1074 713 1128 et
741 1070 940 1138 salutaverat,
975 1085 1063 1140 quum
1091 1068 1228 1127 continuo
1260 1071 1330 1140 post
1356 1065 1447 1123 verha

322 1178 358 1235 ab
397 1177 455 1234 imo
495 1182 614 1250 pectore
649 1194 792 1249 expressa
832 1177 868 1234 ab
908 1176 973 1248 ipso
1011 1176 1063 1234 illo
1103 1177 1291 1234 adulescente
1332 1172 1448 1246 cogitur

324 1289 455 1342 amatore
491 1286 594 1342 cedere
628 1284 672 1342 illi
707 1284 863 1352 meretrici,
902 1283 972 1355 quin
1008 1283 1097 1341 etiam
1132 1283 1195 1355 pati
1230 1300 1262 1340 se
1295 1281 1325 1338 in
1356 1297 1447 1353 grege

322 1391 486 1449 meretricis
520 1391 676 1449 numerari.
739 1393 786 1450 Ac
825 1410 862 1449 ne
904 1392 1044 1448 edocetur
1076 1391 1201 1461 quidem,
1240 1407 1292 1446 em·
1327 1393 1357 1446 et
1391 1403 1447 1458 quo

322 1498 445 1556 consilio
487 1497 559 1554 illud
599 1498 664 1569 fiat;
706 1515 799 1570 neque
839 1499 1042 1572 interrogatur
1081 1515 1175 1568 neque
1216 1500 1317 1554 oratur
1355 1511 1448 1564 neque

324 1605 478 1677 qnisquam
502 1605 598 1675 timet,
623 1623 660 1664 ne
684 1607 734 1663 illa
756 1610 909 1680 gravetur.
957 1606 1007 1663 lta
1030 1623 1117 1678 quum
1140 1605 1240 1678 plotius
1258 1601 1447 1672 alicuiquam

326 1713 372 1770 sui
395 1713 468 1770 iuris
493 1717 582 1784 atque
606 1712 722 1771 arbitrii
746 1731 812 1772 esse
836 1714 981 1784 videatur,
1007 1712 1137 1785 suspicio
1165 1729 1222 1769 non
1253 1711 1348 1778 abest,
1379 1709 1448 1778 quin

325 1820 356 1876 in
381 1819 496 1877 Graeca
519 1819 620 1876 fabula
643 1820 694 1877 illa
717 1821 812 1894 virge,
840 1838 913 1892 quae
937 1826 1043 1893 postea
1065 1819 1126 1877 filia
1150 1817 1316 1876 Chremetis
1341 1831 1448 1888 agnos-

325 1927 419 1996 citur,
443 1943 501 1983 non
525 1926 618 1984 libera
642 1927 741 1997 fuerit,
768 1929 820 1986 sed
844 1945 913 1985 vero
937 1927 1081 1986 Bacchidi
1105 1925 1243 1984 arraboni
1267 1941 1320 1996 pro
1349 1921 1448 1980 debito

324 2037 449 2108 argento
477 2032 583 2090 relicta
607 2028 700 2108 sitm)
746 2035 814 2093 Hoc
843 2037 868 2092 si
898 2053 999 2092 verum
1023 2041 1084 2105 est,
1119 2039 1213 2092 totam
1237 2029 1448 2090 scenam114

327 2140 443 2199 aliunde
465 2141 594 2198 additam
618 2158 684 2198 esse
700 2142 842 2214 sequitur,
868 2143 898 2200 id
921 2143 998 2214 quod
1022 2143 1068 2198 vel
1093 2159 1130 2198 ex
1154 2157 1187 2198 eo
1208 2138 1347 2206 conicias,
1374 2135 1449 2208 quod

326 2249 356 2306 in
379 2265 438 2306 una
461 2248 513 2306 illa
537 2247 645 2322 exigua
669 2266 758 2306 scena
781 2250 939 2322 Antiphila
962 2250 1083 2321 loquens
1107 2247 1373 2320 inducitur,'quae
1397 2260 1450 2315 por

325 2360 420 2414 totam
454 2355 594 2426 reliquam
628 2355 757 2414 fabulam
795 2357 911 2416 easdem
952 2358 1012 2414 iere
1052 2360 1153 2428 partes
1197 2353 1336 2421 sustinet,
1377 2367 1450 2422 quas

326 2463 481 2535 Pamphila
508 2461 537 2519 in
566 2462 719 2521 Eunucho.
773 2465 912 2523 Abducta
945 2465 1020 2522 enim
1049 2465 1086 2522 ad
1119 2465 1243 2520 matrem
1273 2456 1450 2530 Clitiphonis

328 2570 413 2643 virgo
441 2569 508 2642 ipsa
536 2569 565 2626 in
596 2587 713 2628 scenam
742 2589 800 2629 non
824 2573 881 2629 iam
905 2573 1013 2644 prodit.
1039 2605 1081 2612 »-
1105 2571 1151 2628 De
1182 2567 1352 2626 abducendo
1380 2581 1450 2622 vero

331 2678 367 2735 ad
402 2681 526 2734 matrem
561 2677 635 2734 mira
671 2682 718 2736 est
753 2679 929 2736 obscuritas.
983 2679 1051 2736 lure
1081 2677 1157 2734 enim
1186 2675 1352 2746 quaeritur,
1389 2689 1449 2739 cnr,

329 2801 464 2856 quorsus,
503 2800 559 2855 quo
594 2785 718 2854 nomine,
749 2803 805 2857 quo
838 2786 926 2843 titulo
959 2786 1030 2843 illud
1063 2786 1130 2854 fiat3
1167 2785 1201 2840 dc
1235 2783 1282 2840 his
1317 2779 1451 2837 omnibus

328 2941 540 2949 -ῌ--ῳ-ι

420 3029 453 3096 re)
474 3028 517 3084 of.
537 3048 603 3098 quae
623 3030 722 3086 dehoc
742 3031 826 3102 Syrus
845 3038 938 3086 narrat
955 3050 981 3086 v.
1001 3034 1054 3085 000
1073 3047 1129 3098 sqq.

649 3119 715 3174 Fuit
733 3122 862 3189 quaedam
881 3139 946 3176 anns
967 3118 1106 3176 Corinthia

406 3208 472 3263 Hic:
492 3207 554 3264 huic
573 3209 774 3265 drachumarum
792 3211 859 3266 hacc
878 3210 983 3280 argenti
1002 3209 1074 3264 mille
1093 3208 1205 3264 dederat
1222 3215 1350 3264 mutuom.

347 3299 473 3352 Ohrem.
494 3297 564 3366 Quid
577 3299 653 3352 tum?
672 3297 744 3370 Syr.
781 3301 823 3354 Ec
834 3303 979 3354 mortuast:
999 3297 1107 3366 reliquit
1119 3297 1200 3353 filiam
1217 3297 1453 3374 adulescentulam.

489 3387 530 3440 Ea
549 3387 643 3442 relicta
662 3389 723 3444 huic
742 3388 893 3444 arrabonist
911 3406 959 3456 pro
978 3388 1023 3442 illo
1043 3393 1164 3458 argento.

329 3495 396 3544 quac
416 3476 503 3530 omnia
522 3475 606 3546 Syrus
625 3484 724 3546 narrat,
749 3478 824 3548 quasi
850 3496 902 3534 non
926 3496 997 3545 vera,
1023 3478 1071 3533 sed
1094 3476 1182 3532 fallaci
1206 3475 1315 3531 consilio
1339 3475 1372 3529 ab
1397 3472 1454 3542 ipso

329 3573 358 3621 ct
377 3567 512 3624 Bacchide
531 3570 594 3625 licta
613 3570 660 3638 (cf.
681 3589 706 3625 v.
726 3574 778 3625 596
798 3567 858 3637 sq).
895 3568 946 3623 His
964 3573 1115 3638 repugnant
1134 3585 1173 3632 ca,
1194 3583 1260 3634 quae
1280 3565 1364 3634 Syrus
1390 3561 1455 3618 dicit

329 3675 353 3710 v.
376 3661 428 3712 790
447 3675 505 3726 sqq.
793 3660 839 3715 sed
858 3658 924 3714 illud
944 3658 1013 3727 quod
1032 3655 1080 3711 tibi

492 3745 557 3801 Dixi
577 3748 609 3802 de
629 3755 748 3818 argento,
768 3749 838 3818 quod
857 3749 910 3803 ista
930 3748 1012 3804 dehet
1029 3744 1165 3810 Bacchidi,

490 3836 523 3890 Id
542 3854 613 3892 nunc
630 3837 822 3894 reddendumst
840 3837 891 3892 illi:

330 3943 374 3996 Ad
393 3943 460 3998 haec
487 3941 613 3999 Chremes
639 3961 691 4000 non
715 3946 866 4013 respondet,
896 3944 965 4011 quod
994 3949 1191 4012 exspectamus:
1222 3940 1326 4010 „Quini
1362 3942 1456 3995 Nonne

331 4031 426 4099 omnia,
447 4049 514 4100 quae
534 4031 566 4086 de
585 4032 631 4088 illa
650 4051 680 4089 re
700 4034 813 4102 dixeras,
839 4033 903 4088 ficta
927 4031 1047 4097 erant?“,
1077 4031 1124 4086 sed
1150 4029 1242 4086 statim
1266 4031 1300 4084 od
1317 4028 1455 4098 pecuniam

331 4112 500 4177 deferendam
521 4125 564 4175 est
582 4129 730 4192 promptus.
767 4125 808 4177 Ac
823 4142 856 4179 nc
880 4125 949 4177 hano
968 4122 1073 4190 quidem
1086 4119 1291 4190 discrepantiam
1310 4118 1337 4172 in
1352 4117 1457 4173 Graeca

331 4213 422 4266 fabula
441 4209 522 4264 fuisse
542 4211 663 4269 arbitror.
