3326 5016
765 449 987 504 „18-

404 625 471 683 Hac
499 624 720 694 observatione,
752 642 826 696 quae
854 626 889 683 de
920 626 1105 683 removendis
1134 626 1270 684 versibus
1307 629 1442 686 47-49

314 732 451 805 exposui,
476 732 563 789 valde
586 731 812 802 infirmarentur,
842 731 900 789 nisi
924 733 1077 806 prologum
1105 732 1164 790 iam
1188 737 1257 790 ante
1281 751 1309 790 u.
1336 727 1379 792 38
1403 734 1440 791 ad

313 839 400 897 finem
422 838 594 912 pervenisse
619 837 735 896 ostendi
758 842 870 910 posset.
918 839 960 896 Et
984 856 1098 909 versus,
1120 841 1169 911 qui
1192 840 1288 898 locum
1312 858 1348 898 ex
1372 857 1441 913 pro-

314 947 382 1020 logo
405 947 571 1004 Heautont.
596 946 627 1003 in
650 946 803 1018 prologum
826 946 964 1018 Hecyrae
987 947 1202 1018 transpositum
1226 947 1348 1004 finiunt:

473 1049 505 1103 ln
523 1050 573 1102 hac
592 1052 634 1103 est
652 1064 719 1116 pura
737 1048 836 1103 oratio:
857 1047 1011 1118 experimini

473 1137 505 1191 ln
524 1141 786 1206 utramquepartem
805 1133 939 1206 ingenium
959 1137 1021 1206 qnid
1040 1137 1126 1206 possit
1144 1155 1240 1194 meum.

313 1233 405 1290 eidem
430 1236 525 1290 toturn
553 1231 706 1304 prologum
736 1231 890 1303 aptissime
918 1231 1088 1291 terminant.
1137 1231 1213 1288 Nam
1242 1233 1335 1289 verba
1368 1252 1440 1304 ,ex-

312 1339 456 1411 perimini,
481 1338 517 1395 In
541 1341 695 1409 utramque
718 1341 833 1409 partem
848 1338 997 1412 ingenium
1013 1339 1082 1409 quid
1097 1339 1195 1410 possit
1211 1343 1325 1396 menm“
1345 1357 1440 1412 paene

313 1446 389 1503 idem
413 1445 470 1504 sibi
494 1447 598 1503 volunt
621 1446 697 1516 quod
720 1445 812 1502 verba
838 1463 967 1516 „quaeso
994 1445 1071 1502 hanc
1097 1446 1213 1503 'noscite
1247 1447 1435 1504 statariam“.

312 1553 395 1626 Quae
418 1569 507 1623 quum
530 1553 574 1610 ita
597 1553 667 1623 sint,
693 1555 775 1610 totus
799 1552 891 1624 leone,
917 1553 965 1623 qui
989 1552 1125 1610 versibus
1150 1556 1282 1610 38—49
1309 1554 1440 1611 contine-

312 1665 370 1729 tur,
397 1677 415 1717 a
438 1660 560 1734 prologo
582 1660 721 1732 Hecyrae
745 1659 957 1716 abiudicandus
982 1664 1038 1717 est.
1065 1694 1108 1701 --

401 1767 563 1824 Videamus
586 1784 672 1834 nune,
696 1783 766 1823 num
789 1767 858 1837 qnid
883 1767 912 1822 in
927 1766 1050 1840 prologo
1067 1768 1177 1826 Heaut.
1197 1800 1238 1807 —-
1256 1768 1291 1824 de
1307 1767 1362 1824 hoo
1378 1783 1436 1824 uno

310 1875 384 1932 haec
407 1874 542 1945 quaestio
566 1873 696 1943 exsistit,
721 1873 791 1943 quia
820 1874 911 1931 ceteri
939 1892 997 1932 non
1025 1875 1061 1932 ab
1085 1875 1226 1932 Ambitio
1255 1874 1436 1946 pronuntiati

312 1987 381 2039 sunt
405 1980 647 2050 -inveniatur,
672 1981 748 2050 quod
771 1999 808 2038 ne
831 1981 874 2037 illi
898 1998 1003 2039 vorsus
1027 1982 1209 2055 recipiantur
1230 1982 1438 2055 impedimento

311 2092 367 2146 est.
415 2089 541 2146 Tantum
570 2091 669 2144 autem
699 2087 798 2158 abest,
829 2093 863 2146 nt
892 2105 997 2146 versus
1025 2089 1069 2146 illi
1097 2090 1138 2147 ibi
1161 2090 1235 2147 male
1260 2090 1435 2156 tolerentur,

311 2200 345 2252 ut
367 2196 460 2253 multo
490 2194 589 2266 aptius
613 2193 644 2251 in
667 2194 744 2251 hunc
772 2195 925 2269 prologum
948 2212 1034 2265 quam
1065 2197 1094 2253 in
1118 2197 1255 2269 Hecyrae
1278 2195 1433 2268 prologum

310 2303 464 2373 quadrent.
513 2301 598 2373 Quod
621 2301 748 2358 maxime
771 2302 954 2376 intellegitur
978 2320 1014 2360 ex
1038 2321 1066 2363 v.
1094 2305 1134 2360 38
1160 2319 1203 2374 sq.

524 2403 614 2458 Nolite
633 2401 719 2458 sinere
739 2421 785 2472 per
804 2422 851 2460 uos
871 2410 955 2458 artem
976 2407 1102 2460 musicam

523 2493 652 2547 Recidere
672 2494 704 2548 ad
723 2510 821 2560 paucos
1083 2487 1085 2494 ’

312 2589 440 2659 itemque
464 2605 500 2645 ex
523 2605 551 2644 v.
578 2590 619 2643 44
645 2603 724 2658 seqq.

475 2689 561 2744 Sinite
580 2689 714 2757 inpetrare
733 2708 783 2756 mo,
804 2688 894 2757 quiin
913 2692 1025 2745 tutelam
1044 2708 1129 2744 moiun

474 2778 598 2834 Studium
617 2795 691 2832 suom
712 2786 740 2834 et
758 2797 787 2834 se
805 2779 832 2832 in
845 2785 964 2838 uestram
983 2779 1116 2834 commisit
1134 2780 1221 2846 fidem,

470 2870 511 2923 Ne
530 2885 589 2922 eum
609 2866 818 2923 circumuentum
837 2867 925 2935 iniquo
944 2869 1026 2937 iniqui
1045 2869 1183 2924 inrideant.

398 2963 464 3019 Hos
487 2967 605 3034 poetam
621 2979 714 3034 paene
730 2963 810 3020 nulla
830 2962 937 3020 fiducia
961 2962 1006 3019 sui
1031 2962 1189 3033 scripsisse
1214 2969 1347 3034 apertmn
1372 2972 1435 3032 est;

310 3087 345 3127 ex
369 3085 425 3140 quo
461 3069 598 3141 colligere
621 3069 692 3126 licet
726 3086 845 3126 causam
869 3071 1001 3140 Terenti,
1032 3086 1120 3140 quum
1148 3075 1209 3127 tam
1234 3071 1380 3128 submisse
1405 3089 1439 3128 se

307 3181 435 3250 gereret,
461 3181 495 3234 ut
517 3177 585 3232 novi
613 3179 719 3247 poetae
748 3176 783 3233 de
812 3178 890 3233 lama
919 3181 949 3234 et
973 3177 1192 3234 existimatione
1221 3178 1383 3234 annitentis
1408 3179 1438 3234 in

309 3288 393 3340 tanto
424 3283 591 3340 discrimine
619 3283 729 3352 fuisse,
766 3289 800 3340 ut
823 3288 929 3341 exacta
952 3285 1064 3352 fabula,
1099 3301 1185 3354 quam
1213 3302 1288 3358 grex
1316 3290 1438 3343 acturus

312 3395 390 3460 crat,
421 3390 583 3462 periculum
607 3395 701 3458 essct,
730 3408 767 3447 ne
791 3408 808 3447 a
832 3390 931 3446 studio
955 3406 1008 3447 suo
1032 3391 1243 3449 retraheretur.
1292 3393 1327 3449 ln
1351 3395 1438 3448 tanto

310 3514 380 3554 vero
405 3497 572 3554 discrimine
595 3515 657 3554 rern
680 3497 783 3565 fuisse,
808 3513 895 3567 quum
911 3497 1262 3556 Heautontimorumenos
1287 3501 1435 3571 ageretur,

309 3605 375 3675 quis
400 3603 519 3674 estqui
542 3605 650 3678 neget?
674 3605 719 3662 At
742 3621 798 3674 quo
822 3609 953 3676 tempore
972 3606 1093 3677 Hecyra
1120 3606 1241 3663 tertium
1263 3605 1294 3661 in
1318 3619 1437 3661 scenam

311 3713 382 3769 data
406 3716 462 3779 est,
488 3728 540 3767 cur
561 3711 725 3780 Terentius,
752 3729 808 3782 quo
831 3711 977 3770 incertum
1001 3717 1049 3770 est
1073 3730 1111 3770 an
1133 3729 1218 3769 nemo
1241 3715 1304 3768 tum
1329 3710 1439 3768 clarior

310 3836 346 3876 ex
374 3818 472 3890 poetis
495 3817 595 3887 fuerit,
610 3813 646 3891 1()
675 3818 801 3889 quinque
826 3819 984 3876 comoediis
1008 3820 1114 3891 populo
1138 3818 1286 3891 prohatiS,
1318 3835 1376 3875 una
1400 3835 1438 3874 ex

402 4011 434 4077 ¹⁰)
455 4010 497 4066 Cf.
516 4011 545 4064 J.
564 4009 679 4075 Vahlen,
700 4011 794 4064 Annei.
815 4011 888 4064 acad.
909 4011 996 4064 Borol.
1023 4016 1090 4066 1876
1109 4030 1134 4080 p.
1150 4015 1201 4065 tos
1223 4009 1266 4076 „in
1285 4009 1357 4065 ciner
1376 4009 1436 4064 Zeit

310 4102 398 4154 nurnal
417 4105 463 4163 (sc.
484 4117 506 4153 a.
527 4096 601 4165 tol),
622 4097 650 4152 in
668 4099 783 4153 welchcr
799 4099 862 4156 hein
881 4098 974 4168 irgend
993 4098 1044 4152 mit
1064 4099 1204 4154 Terentius
1225 4098 1441 4168 rergleichharcr

310 4189 424 4243 Dichter
441 4188 485 4242 fdr
504 4187 546 4242 die
565 4189 661 4242 Blihne
680 4188 770 4257 thatig
788 4188 868 4241 war.“
