<?xml version="1.0" encoding="UTF-8"?>
<!DOCTYPE html PUBLIC "-//W3C//DTD XHTML 1.0 Transitional//EN"
    "http://www.w3.org/TR/xhtml1/DTD/xhtml1-transitional.dtd">
<html xmlns="http://www.w3.org/1999/xhtml" xml:lang="en" lang="en">
 <head>
  <title>
</title>
<meta http-equiv="Content-Type" content="text/html;charset=utf-8" />
  <meta name='ocr-system' content='tesseract 3.04.00' />
  <meta name='ocr-capabilities' content='ocr_page ocr_carea ocr_par ocr_line ocrx_word'/>
</head>
<body>
  <div class='ocr_page' id='page_1' title='image "./quaestionestere00herrgoog_0017.png"; bbox 0 0 3326 5016; ppageno 0'>
   <div class='ocr_carea' id='block_1_1' title="bbox 707 387 960 441">
    <p class='ocr_par' dir='ltr' id='par_1_1' title="bbox 707 387 960 441">
     <span class='ocr_line' id='line_1_1' title="bbox 707 387 960 441; baseline 0.008 -19"><span class='ocrx_word' id='word_1_1' title='bbox 707 387 960 441; x_wconf 65' lang='lat'>.-10-</span> 
     </span>
    </p>
   </div>
   <div class='ocr_carea' id='block_1_2' title="bbox 280 562 1439 2664">
    <p class='ocr_par' dir='ltr' id='par_1_2' title="bbox 284 562 1415 1049">
     <span class='ocr_line' id='line_1_2' title="bbox 375 562 1415 633; baseline 0.001 -14"><span class='ocrx_word' id='word_1_2' title='bbox 375 563 425 620; x_wconf 88' lang='lat' dir='ltr'>Ita</span> <span class='ocrx_word' id='word_1_3' title='bbox 448 562 524 620; x_wconf 92' lang='lat' dir='ltr'>enim</span> <span class='ocrx_word' id='word_1_4' title='bbox 547 562 596 620; x_wconf 89' lang='lat' dir='ltr'>hic</span> <span class='ocrx_word' id='word_1_5' title='bbox 619 581 724 620; x_wconf 87' lang='lat' dir='ltr'>versus</span> <span class='ocrx_word' id='word_1_6' title='bbox 748 565 839 621; x_wconf 89' lang='lat' dir='ltr'>talem</span> <span class='ocrx_word' id='word_1_7' title='bbox 867 564 996 622; x_wconf 87' lang='lat' dir='ltr'>fabulam</span> <span class='ocrx_word' id='word_1_8' title='bbox 1021 563 1213 633; x_wconf 77' lang='lat' dir='ltr'>nanciscitur,</span> <span class='ocrx_word' id='word_1_9' title='bbox 1238 563 1276 619; x_wconf 92' lang='lat' dir='ltr'>ad</span> <span class='ocrx_word' id='word_1_10' title='bbox 1299 563 1415 632; x_wconf 90' lang='lat' dir='ltr'>qualem</span> 
     </span>
     <span class='ocr_line' id='line_1_3' title="bbox 285 669 1414 742; baseline 0.001 -16"><span class='ocrx_word' id='word_1_11' title='bbox 285 674 422 741; x_wconf 87' lang='lat' dir='ltr'>spectare</span> <span class='ocrx_word' id='word_1_12' title='bbox 443 687 509 726; x_wconf 92' lang='lat' dir='ltr'>eum</span> <span class='ocrx_word' id='word_1_13' title='bbox 532 670 620 728; x_wconf 80' lang='lat' dir='ltr'>facile</span> <span class='ocrx_word' id='word_1_14' title='bbox 645 672 758 739; x_wconf 70' lang='lat' dir='ltr'>credas</span> <span class='ocrx_word' id='word_1_15' title='bbox 784 675 815 727; x_wconf 93' lang='grc'>61</span> <span class='ocrx_word' id='word_1_16' title='bbox 837 671 881 740; x_wconf 85' lang='lat' dir='ltr'>id,</span> <span class='ocrx_word' id='word_1_17' title='bbox 908 671 984 742; x_wconf 92' lang='lat' dir='ltr'>quod</span> <span class='ocrx_word' id='word_1_18' title='bbox 1000 671 1157 728; x_wconf 78' lang='lat' dir='ltr'>Terentius</span> <span class='ocrx_word' id='word_1_19' title='bbox 1182 669 1354 728; x_wconf 87' lang='lat' dir='ltr'>adversario</span> <span class='ocrx_word' id='word_1_20' title='bbox 1379 670 1414 727; x_wconf 86' lang='lat' dir='ltr'>do</span> 
     </span>
     <span class='ocr_line' id='line_1_4' title="bbox 284 775 1415 851; baseline 0 -18"><span class='ocrx_word' id='word_1_21' title='bbox 284 775 446 834; x_wconf 77' lang='lat' dir='ltr'><strong>Phasmate</strong></span> <span class='ocrx_word' id='word_1_22' title='bbox 471 776 545 834; x_wconf 87' lang='lat' dir='ltr'>vitio</span> <span class='ocrx_word' id='word_1_23' title='bbox 576 778 637 846; x_wconf 89' lang='lat' dir='ltr'>dat,</span> <span class='ocrx_word' id='word_1_24' title='bbox 674 777 790 848; x_wconf 87' lang='lat' dir='ltr'>plenius</span> <span class='ocrx_word' id='word_1_25' title='bbox 815 795 850 836; x_wconf 90' lang='lat' dir='ltr'>ac</span> <span class='ocrx_word' id='word_1_26' title='bbox 872 778 989 851; x_wconf 89' lang='lat' dir='ltr'>planius</span> <span class='ocrx_word' id='word_1_27' title='bbox 1013 778 1060 848; x_wconf 88' lang='lat' dir='ltr'>fit;</span> <span class='ocrx_word' id='word_1_28' title='bbox 1097 778 1156 835; x_wconf 89' lang='lat' dir='ltr'>iam</span> <span class='ocrx_word' id='word_1_29' title='bbox 1180 777 1257 834; x_wconf 90' lang='lat' dir='ltr'>enim</span> <span class='ocrx_word' id='word_1_30' title='bbox 1280 782 1328 834; x_wconf 91' lang='lat' dir='ltr'>est</span> <span class='ocrx_word' id='word_1_31' title='bbox 1350 793 1415 849; x_wconf 89' lang='lat' dir='ltr'>per·</span> 
     </span>
     <span class='ocr_line' id='line_1_5' title="bbox 285 879 1414 956; baseline 0 -16"><span class='ocrx_word' id='word_1_32' title='bbox 285 883 419 956; x_wconf 90' lang='lat' dir='ltr'>spicuum</span> <span class='ocrx_word' id='word_1_33' title='bbox 434 884 564 941; x_wconf 82' lang='lat' dir='ltr'><strong>Phasma</strong></span> <span class='ocrx_word' id='word_1_34' title='bbox 579 883 708 942; x_wconf 83' lang='lat' dir='ltr'>fabulam</span> <span class='ocrx_word' id='word_1_35' title='bbox 727 884 841 954; x_wconf 64' lang='lat' dir='ltr'>„benet</span> <span class='ocrx_word' id='word_1_36' title='bbox 859 901 977 942; x_wconf 88' lang='lat' dir='ltr'>versam</span> <span class='ocrx_word' id='word_1_37' title='bbox 992 889 1115 956; x_wconf 84' lang='lat' dir='ltr'>propter</span> <span class='ocrx_word' id='word_1_38' title='bbox 1129 879 1251 944; x_wconf 90' lang='lat' dir='ltr'>nimium</span> <span class='ocrx_word' id='word_1_39' title='bbox 1268 883 1414 942; x_wconf 85' lang='lat' dir='ltr'>Graecum</span> 
     </span>
     <span class='ocr_line' id='line_1_6' title="bbox 284 991 775 1049; baseline 0.002 -2"><span class='ocrx_word' id='word_1_40' title='bbox 284 991 410 1048; x_wconf 89' lang='lat' dir='ltr'>colorem</span> <span class='ocrx_word' id='word_1_41' title='bbox 434 991 584 1049; x_wconf 89' lang='lat' dir='ltr'>Romanos</span> <span class='ocrx_word' id='word_1_42' title='bbox 609 991 775 1048; x_wconf 85' lang='lat' dir='ltr'>offendisse.</span> 
     </span>
    </p>

    <p class='ocr_par' dir='ltr' id='par_1_3' title="bbox 282 1097 1414 1812">
     <span class='ocr_line' id='line_1_7' title="bbox 373 1097 1414 1174; baseline -0.002 -18"><span class='ocrx_word' id='word_1_43' title='bbox 373 1099 422 1156; x_wconf 88' lang='lat' dir='ltr'>Ac</span> <span class='ocrx_word' id='word_1_44' title='bbox 451 1097 554 1155; x_wconf 91' lang='lat' dir='ltr'>dubito</span> <span class='ocrx_word' id='word_1_45' title='bbox 588 1114 625 1154; x_wconf 88' lang='lat' dir='ltr'>an</span> <span class='ocrx_word' id='word_1_46' title='bbox 654 1097 703 1154; x_wconf 91' lang='lat' dir='ltr'>ille</span> <span class='ocrx_word' id='word_1_47' title='bbox 733 1115 838 1156; x_wconf 83' lang='lat' dir='ltr'>versus</span> <span class='ocrx_word' id='word_1_48' title='bbox 876 1099 943 1168; x_wconf 84' lang='lat' dir='ltr'>„Ex</span> <span class='ocrx_word' id='word_1_49' title='bbox 976 1099 1094 1174; x_wconf 80' lang='lat' dir='ltr'>integra</span> <span class='ocrx_word' id='word_1_50' title='bbox 1122 1097 1238 1156; x_wconf 86' lang='lat' dir='ltr'>Graeca</span> <span class='ocrx_word' id='word_1_51' title='bbox 1266 1097 1414 1170; x_wconf 83' lang='lat' dir='ltr'>integram</span> 
     </span>
     <span class='ocr_line' id='line_1_8' title="bbox 285 1203 1411 1277; baseline -0.001 -16"><span class='ocrx_word' id='word_1_52' title='bbox 285 1203 484 1262; x_wconf 64' lang='lat' dir='ltr'>comoediam*</span> <span class='ocrx_word' id='word_1_53' title='bbox 515 1222 533 1262; x_wconf 89' lang='lat' dir='ltr'>a</span> <span class='ocrx_word' id='word_1_54' title='bbox 555 1203 667 1262; x_wconf 88' lang='lat' dir='ltr'>Luscio</span> <span class='ocrx_word' id='word_1_55' title='bbox 690 1204 720 1262; x_wconf 92' lang='lat' dir='ltr'>in</span> <span class='ocrx_word' id='word_1_56' title='bbox 745 1205 914 1262; x_wconf 89' lang='lat' dir='ltr'>Terentium</span> <span class='ocrx_word' id='word_1_57' title='bbox 946 1205 990 1262; x_wconf 88' lang='lat' dir='ltr'>ita</span> <span class='ocrx_word' id='word_1_58' title='bbox 1013 1206 1163 1277; x_wconf 87' lang='lat' dir='ltr'>profectus</span> <span class='ocrx_word' id='word_1_59' title='bbox 1188 1203 1243 1273; x_wconf 91' lang='lat' dir='ltr'>sit,</span> <span class='ocrx_word' id='word_1_60' title='bbox 1269 1208 1311 1272; x_wconf 89' lang='lat' dir='ltr'>ut,</span> <span class='ocrx_word' id='word_1_61' title='bbox 1337 1221 1411 1274; x_wconf 89' lang='lat' dir='ltr'>quae</span> 
     </span>
     <span class='ocr_line' id='line_1_9' title="bbox 283 1310 1414 1385; baseline 0 -17"><span class='ocrx_word' id='word_1_62' title='bbox 283 1312 314 1369; x_wconf 92' lang='lat' dir='ltr'>in</span> <span class='ocrx_word' id='word_1_63' title='bbox 348 1312 470 1384; x_wconf 84' lang='lat' dir='ltr'>prologo</span> <span class='ocrx_word' id='word_1_64' title='bbox 503 1311 675 1368; x_wconf 89' lang='lat' dir='ltr'>Phasmatis</span> <span class='ocrx_word' id='word_1_65' title='bbox 717 1329 782 1368; x_wconf 89' lang='lat' dir='ltr'>cum</span> <span class='ocrx_word' id='word_1_66' title='bbox 820 1329 929 1385; x_wconf 85' lang='lat' dir='ltr'>magna</span> <span class='ocrx_word' id='word_1_67' title='bbox 964 1311 1133 1370; x_wconf 83' lang='lat' dir='ltr'>laudatione</span> <span class='ocrx_word' id='word_1_68' title='bbox 1168 1310 1287 1369; x_wconf 81' lang='lat' dir='ltr'>fabulae</span> <span class='ocrx_word' id='word_1_69' title='bbox 1319 1327 1414 1368; x_wconf 85' lang='lat' dir='ltr'>novae</span> 
     </span>
     <span class='ocr_line' id='line_1_10' title="bbox 283 1418 1413 1490; baseline -0.002 -14"><span class='ocrx_word' id='word_1_70' title='bbox 283 1418 413 1476; x_wconf 89' lang='lat' dir='ltr'>Luscius</span> <span class='ocrx_word' id='word_1_71' title='bbox 437 1418 671 1490; x_wconf 86' lang='lat' dir='ltr'>praedicaverat,</span> <span class='ocrx_word' id='word_1_72' title='bbox 702 1419 802 1476; x_wconf 91' lang='lat' dir='ltr'>eadem</span> <span class='ocrx_word' id='word_1_73' title='bbox 827 1419 983 1476; x_wconf 76' lang='lat' dir='ltr'>Terentius</span> <span class='ocrx_word' id='word_1_74' title='bbox 1013 1436 1078 1476; x_wconf 92' lang='lat' dir='ltr'>cum</span> <span class='ocrx_word' id='word_1_75' title='bbox 1103 1419 1204 1476; x_wconf 89' lang='lat' dir='ltr'>aculeo</span> <span class='ocrx_word' id='word_1_76' title='bbox 1233 1419 1358 1488; x_wconf 89' lang='lat' dir='ltr'>quodam</span> <span class='ocrx_word' id='word_1_77' title='bbox 1382 1418 1413 1475; x_wconf 92' lang='lat' dir='ltr'>in</span> 
     </span>
     <span class='ocr_line' id='line_1_11' title="bbox 283 1524 1413 1598; baseline 0 -16"><span class='ocrx_word' id='word_1_78' title='bbox 283 1526 405 1598; x_wconf 82' lang='lat' dir='ltr'>prologo</span> <span class='ocrx_word' id='word_1_79' title='bbox 443 1525 581 1582; x_wconf 83' lang='lat' dir='ltr'>Eunuchi</span> <span class='ocrx_word' id='word_1_80' title='bbox 620 1525 809 1596; x_wconf 83' lang='lat' dir='ltr'>repetiverit,</span> <span class='ocrx_word' id='word_1_81' title='bbox 855 1541 929 1595; x_wconf 92' lang='lat' dir='ltr'>quae</span> <span class='ocrx_word' id='word_1_82' title='bbox 965 1525 1065 1582; x_wconf 86' lang='lat' dir='ltr'>brevis</span> <span class='ocrx_word' id='word_1_83' title='bbox 1101 1525 1265 1594; x_wconf 87' lang='lat' dir='ltr'>cavillati0,</span> <span class='ocrx_word' id='word_1_84' title='bbox 1310 1524 1413 1582; x_wconf 87' lang='lat' dir='ltr'>multis</span> 
     </span>
     <span class='ocr_line' id='line_1_12' title="bbox 282 1630 1413 1705; baseline -0.002 -15"><span class='ocrx_word' id='word_1_85' title='bbox 282 1633 383 1690; x_wconf 89' lang='lat' dir='ltr'>verbis</span> <span class='ocrx_word' id='word_1_86' title='bbox 401 1630 543 1702; x_wconf 78' lang='lat' dir='ltr'>acerbior,</span> <span class='ocrx_word' id='word_1_87' title='bbox 569 1631 710 1703; x_wconf 87' lang='lat' dir='ltr'>apopulo</span> <span class='ocrx_word' id='word_1_88' title='bbox 732 1649 790 1688; x_wconf 89' lang='lat' dir='ltr'>non</span> <span class='ocrx_word' id='word_1_89' title='bbox 810 1631 946 1705; x_wconf 86' lang='lat' dir='ltr'>intellegi</span> <span class='ocrx_word' id='word_1_90' title='bbox 966 1647 1025 1688; x_wconf 92' lang='lat' dir='ltr'>non</span> <span class='ocrx_word' id='word_1_91' title='bbox 1044 1632 1152 1704; x_wconf 83' lang='lat' dir='ltr'>potnit,</span> <span class='ocrx_word' id='word_1_92' title='bbox 1178 1647 1266 1702; x_wconf 89' lang='lat' dir='ltr'>quum</span> <span class='ocrx_word' id='word_1_93' title='bbox 1281 1631 1413 1689; x_wconf 85' lang='lat' dir='ltr'>Phasma</span> 
     </span>
     <span class='ocr_line' id='line_1_13' title="bbox 283 1737 1155 1812; baseline 0 -16"><span class='ocrx_word' id='word_1_94' title='bbox 283 1739 367 1797; x_wconf 84' lang='lat' dir='ltr'>brevi</span> <span class='ocrx_word' id='word_1_95' title='bbox 392 1743 462 1796; x_wconf 88' lang='lat' dir='ltr'>ante</span> <span class='ocrx_word' id='word_1_96' title='bbox 486 1739 598 1812; x_wconf 82' lang='lat' dir='ltr'>(„nunc</span> <span class='ocrx_word' id='word_1_97' title='bbox 621 1737 749 1811; x_wconf 80' lang='lat' dir='ltr'>nuper“)</span> <span class='ocrx_word' id='word_1_98' title='bbox 773 1738 804 1794; x_wconf 91' lang='lat' dir='ltr'>iu</span> <span class='ocrx_word' id='word_1_99' title='bbox 828 1756 946 1795; x_wconf 89' lang='lat' dir='ltr'>scenam</span> <span class='ocrx_word' id='word_1_100' title='bbox 971 1739 1040 1796; x_wconf 88' lang='lat' dir='ltr'>data</span> <span class='ocrx_word' id='word_1_101' title='bbox 1065 1743 1155 1796; x_wconf 90' lang='lat' dir='ltr'>esset.</span> 
     </span>
    </p>

    <p class='ocr_par' dir='ltr' id='par_1_4' title="bbox 280 1845 1439 2664">
     <span class='ocr_line' id='line_1_14' title="bbox 373 1845 1409 1915; baseline -0.002 -11"><span class='ocrx_word' id='word_1_102' title='bbox 373 1846 484 1904; x_wconf 87' lang='lat' dir='ltr'>Restat</span> <span class='ocrx_word' id='word_1_103' title='bbox 513 1849 548 1901; x_wconf 93' lang='lat' dir='ltr'>ut</span> <span class='ocrx_word' id='word_1_104' title='bbox 577 1845 746 1913; x_wconf 85' lang='lat' dir='ltr'>ostendam,</span> <span class='ocrx_word' id='word_1_105' title='bbox 784 1861 870 1915; x_wconf 92' lang='lat' dir='ltr'>quam</span> <span class='ocrx_word' id='word_1_106' title='bbox 898 1845 986 1902; x_wconf 84' lang='lat' dir='ltr'>facile</span> <span class='ocrx_word' id='word_1_107' title='bbox 1021 1862 1127 1902; x_wconf 86' lang='lat' dir='ltr'>versus</span> <span class='ocrx_word' id='word_1_108' title='bbox 1162 1845 1212 1902; x_wconf 92' lang='lat' dir='ltr'>ille</span> <span class='ocrx_word' id='word_1_109' title='bbox 1243 1845 1275 1902; x_wconf 90' lang='lat' dir='ltr'>in</span> <span class='ocrx_word' id='word_1_110' title='bbox 1297 1845 1409 1903; x_wconf 92' lang='lat' dir='ltr'>Heaut.</span> 
     </span>
     <span class='ocr_line' id='line_1_15' title="bbox 283 1950 1410 2026; baseline -0.001 -15"><span class='ocrx_word' id='word_1_111' title='bbox 283 1955 438 2026; x_wconf 84' lang='lat' dir='ltr'>prologum</span> <span class='ocrx_word' id='word_1_112' title='bbox 460 1952 591 2024; x_wconf 89' lang='lat' dir='ltr'>irrepere</span> <span class='ocrx_word' id='word_1_113' title='bbox 614 1951 755 2022; x_wconf 87' lang='lat' dir='ltr'>potuerit.</span> <span class='ocrx_word' id='word_1_114' title='bbox 811 1950 903 2010; x_wconf 83' lang='lat' dir='ltr'>Sexto</span> <span class='ocrx_word' id='word_1_115' title='bbox 935 1953 1011 2010; x_wconf 88' lang='lat' dir='ltr'>enim</span> <span class='ocrx_word' id='word_1_116' title='bbox 1045 1953 1143 2010; x_wconf 91' lang='lat' dir='ltr'>versui</span> <span class='ocrx_word' id='word_1_117' title='bbox 1174 1953 1313 2024; x_wconf 81' lang='lat' dir='ltr'>„Duplex</span> <span class='ocrx_word' id='word_1_118' title='bbox 1336 1969 1410 2023; x_wconf 89' lang='lat' dir='ltr'>quae</span> 
     </span>
     <span class='ocr_line' id='line_1_16' title="bbox 283 2058 1409 2134; baseline -0.002 -16"><span class='ocrx_word' id='word_1_119' title='bbox 283 2078 320 2118; x_wconf 85' lang='lat' dir='ltr'>ex</span> <span class='ocrx_word' id='word_1_120' title='bbox 343 2063 517 2134; x_wconf 82' lang='lat' dir='ltr'>argumento</span> <span class='ocrx_word' id='word_1_121' title='bbox 541 2060 622 2116; x_wconf 81' lang='lat' dir='ltr'>facta</span> <span class='ocrx_word' id='word_1_122' title='bbox 646 2063 693 2116; x_wconf 90' lang='lat' dir='ltr'>est</span> <span class='ocrx_word' id='word_1_123' title='bbox 717 2058 874 2130; x_wconf 85' lang='lat' dir='ltr'>simplici“,</span> <span class='ocrx_word' id='word_1_124' title='bbox 905 2075 962 2130; x_wconf 92' lang='lat' dir='ltr'>quo</span> <span class='ocrx_word' id='word_1_125' title='bbox 986 2058 1117 2117; x_wconf 89' lang='lat' dir='ltr'>breviter</span> <span class='ocrx_word' id='word_1_126' title='bbox 1141 2077 1175 2116; x_wconf 94' lang='lat' dir='ltr'>ac</span> <span class='ocrx_word' id='word_1_127' title='bbox 1205 2059 1409 2134; x_wconf 83' lang='lat' dir='ltr'>significanter</span> 
     </span>
     <span class='ocr_line' id='line_1_17' title="bbox 282 2165 1410 2236; baseline -0.002 -12"><span class='ocrx_word' id='word_1_128' title='bbox 282 2167 383 2224; x_wconf 84' lang='lat' dir='ltr'>fabula</span> <span class='ocrx_word' id='word_1_129' title='bbox 413 2166 613 2224; x_wconf 90' lang='lat' dir='ltr'>contaminata</span> <span class='ocrx_word' id='word_1_130' title='bbox 642 2165 789 2235; x_wconf 89' lang='lat' dir='ltr'>definitur,</span> <span class='ocrx_word' id='word_1_131' title='bbox 826 2182 932 2224; x_wconf 79' lang='lat' dir='ltr'>versus</span> <span class='ocrx_word' id='word_1_132' title='bbox 965 2166 1024 2236; x_wconf 88' lang='lat' dir='ltr'>ille,</span> <span class='ocrx_word' id='word_1_133' title='bbox 1062 2182 1119 2236; x_wconf 91' lang='lat' dir='ltr'>quo</span> <span class='ocrx_word' id='word_1_134' title='bbox 1147 2166 1248 2224; x_wconf 85' lang='lat' dir='ltr'>fabula</span> <span class='ocrx_word' id='word_1_135' title='bbox 1276 2166 1410 2224; x_wconf 87' lang='lat' dir='ltr'>inconta-</span> 
     </span>
     <span class='ocr_line' id='line_1_18' title="bbox 281 2273 1439 2344; baseline 0 -14"><span class='ocrx_word' id='word_1_136' title='bbox 281 2274 394 2332; x_wconf 89' lang='lat' dir='ltr'>minata</span> <span class='ocrx_word' id='word_1_137' title='bbox 431 2277 566 2341; x_wconf 84' lang='lat' dir='ltr'>notatur,</span> <span class='ocrx_word' id='word_1_138' title='bbox 609 2273 762 2344; x_wconf 90' lang='lat' dir='ltr'>oppositus</span> <span class='ocrx_word' id='word_1_139' title='bbox 797 2277 858 2341; x_wconf 84' lang='lat' dir='ltr'>est,</span> <span class='ocrx_word' id='word_1_140' title='bbox 902 2274 951 2344; x_wconf 91' lang='lat' dir='ltr'>qui</span> <span class='ocrx_word' id='word_1_141' title='bbox 985 2290 1091 2331; x_wconf 82' lang='lat' dir='ltr'>versus</span> <span class='ocrx_word' id='word_1_142' title='bbox 1126 2273 1157 2330; x_wconf 91' lang='lat' dir='ltr'>in</span> <span class='ocrx_word' id='word_1_143' title='bbox 1193 2273 1326 2344; x_wconf 75' lang='lat' dir='ltr'>margine</span> <span class='ocrx_word' id='word_1_144' title='bbox 1360 2274 1410 2330; x_wconf 86' lang='lat' dir='ltr'>ad·</span> <span class='ocrx_word' id='word_1_145' title='bbox 1435 2325 1439 2344; x_wconf 69' lang='lat'>,</span> 
     </span>
     <span class='ocr_line' id='line_1_19' title="bbox 282 2379 1408 2454; baseline 0 -16"><span class='ocrx_word' id='word_1_146' title='bbox 282 2381 412 2454; x_wconf 85' lang='lat' dir='ltr'>scriptus</span> <span class='ocrx_word' id='word_1_147' title='bbox 440 2383 546 2452; x_wconf 88' lang='lat' dir='ltr'>postea</span> <span class='ocrx_word' id='word_1_148' title='bbox 568 2379 599 2436; x_wconf 93' lang='lat' dir='ltr'>in</span> <span class='ocrx_word' id='word_1_149' title='bbox 622 2383 737 2436; x_wconf 81' lang='lat' dir='ltr'>textum</span> <span class='ocrx_word' id='word_1_150' title='bbox 770 2385 908 2451; x_wconf 89' lang='lat' dir='ltr'>receptus</span> <span class='ocrx_word' id='word_1_151' title='bbox 943 2386 1003 2450; x_wconf 90' lang='lat' dir='ltr'>est;</span> <span class='ocrx_word' id='word_1_152' title='bbox 1040 2397 1134 2452; x_wconf 92' lang='lat' dir='ltr'>neque</span> <span class='ocrx_word' id='word_1_153' title='bbox 1162 2381 1191 2438; x_wconf 91' lang='lat' dir='ltr'>id</span> <span class='ocrx_word' id='word_1_154' title='bbox 1219 2381 1324 2438; x_wconf 91' lang='lat' dir='ltr'>mirum</span> <span class='ocrx_word' id='word_1_155' title='bbox 1353 2387 1408 2449; x_wconf 89' lang='lat' dir='ltr'>est,</span> 
     </span>
     <span class='ocr_line' id='line_1_20' title="bbox 280 2487 1410 2561; baseline -0.001 -16"><span class='ocrx_word' id='word_1_156' title='bbox 280 2488 432 2561; x_wconf 87' lang='lat' dir='ltr'>praeclare</span> <span class='ocrx_word' id='word_1_157' title='bbox 468 2487 544 2544; x_wconf 93' lang='lat' dir='ltr'>enim</span> <span class='ocrx_word' id='word_1_158' title='bbox 578 2487 768 2544; x_wconf 88' lang='lat' dir='ltr'>accusativus</span> <span class='ocrx_word' id='word_1_159' title='bbox 808 2487 974 2560; x_wconf 81' lang='lat' dir='ltr'>„integram</span> <span class='ocrx_word' id='word_1_160' title='bbox 1006 2488 1206 2546; x_wconf 83' lang='lat' dir='ltr'>comoediam“</span> <span class='ocrx_word' id='word_1_161' title='bbox 1238 2505 1302 2544; x_wconf 85' lang='lat' dir='ltr'>omn</span> <span class='ocrx_word' id='word_1_162' title='bbox 1326 2505 1410 2546; x_wconf 88' lang='lat' dir='ltr'>accu-</span> 
     </span>
     <span class='ocr_line' id='line_1_21' title="bbox 282 2593 1173 2664; baseline 0 -12"><span class='ocrx_word' id='word_1_163' title='bbox 282 2596 380 2652; x_wconf 89' lang='lat' dir='ltr'>sativo</span> <span class='ocrx_word' id='word_1_164' title='bbox 406 2593 801 2664; x_wconf 83' lang='lat' dir='ltr'>„Heautontimorumenon“</span> <span class='ocrx_word' id='word_1_165' title='bbox 828 2594 984 2651; x_wconf 89' lang='lat' dir='ltr'>cohaerere</span> <span class='ocrx_word' id='word_1_166' title='bbox 1006 2594 1173 2652; x_wconf 89' lang='lat' dir='ltr'>videbatur.</span> 
     </span>
    </p>
   </div>
   <div class='ocr_carea' id='block_1_3' title="bbox 280 2703 1410 3003">
    <p class='ocr_par' dir='ltr' id='par_1_5' title="bbox 280 2703 1410 3003">
     <span class='ocr_line' id='line_1_22' title="bbox 371 2703 1410 2790; baseline -0.001 -13"><span class='ocrx_word' id='word_1_167' title='bbox 371 2718 430 2777; x_wconf 86' lang='lat' dir='ltr'>Sed</span> <span class='ocrx_word' id='word_1_168' title='bbox 461 2719 615 2776; x_wconf 89' lang='lat' dir='ltr'>redeamus</span> <span class='ocrx_word' id='word_1_169' title='bbox 640 2735 658 2774; x_wconf 90' lang='lat' dir='ltr'>a</span> <span class='ocrx_word' id='word_1_170' title='bbox 680 2719 803 2790; x_wconf 82' lang='lat' dir='ltr'>prologo</span> <span class='ocrx_word' id='word_1_171' title='bbox 827 2717 964 2776; x_wconf 83' lang='lat' dir='ltr'>Eunuchi</span> <span class='ocrx_word' id='word_1_172' title='bbox 988 2719 1025 2775; x_wconf 93' lang='lat' dir='ltr'>ad</span> <span class='ocrx_word' id='word_1_173' title='bbox 1054 2703 1207 2790; x_wconf 81' lang='lat' dir='ltr'>prologum</span> <span class='ocrx_word' id='word_1_174' title='bbox 1231 2719 1410 2777; x_wconf 86' lang='lat' dir='ltr'>Heautonti-</span> 
     </span>
     <span class='ocr_line' id='line_1_23' title="bbox 280 2824 1409 2896; baseline -0.002 -12"><span class='ocrx_word' id='word_1_175' title='bbox 280 2844 459 2885; x_wconf 89' lang='lat' dir='ltr'>morumenu.</span> <span class='ocrx_word' id='word_1_176' title='bbox 512 2825 603 2882; x_wconf 71' lang='lat' dir='ltr'>Ollius</span> <span class='ocrx_word' id='word_1_177' title='bbox 632 2841 702 2896; x_wconf 89' lang='lat' dir='ltr'>pars</span> <span class='ocrx_word' id='word_1_178' title='bbox 735 2824 888 2896; x_wconf 61' lang='lat' dir='ltr'>specialis</span> <span class='ocrx_word' id='word_1_179' title='bbox 920 2841 1007 2894; x_wconf 88' lang='lat' dir='ltr'>quam</span> <span class='ocrx_word' id='word_1_180' title='bbox 1040 2825 1154 2894; x_wconf 85' lang='lat' dir='ltr'>vocavi,</span> <span class='ocrx_word' id='word_1_181' title='bbox 1181 2831 1286 2895; x_wconf 90' lang='lat' dir='ltr'>quarto</span> <span class='ocrx_word' id='word_1_182' title='bbox 1319 2843 1409 2884; x_wconf 79' lang='lat' dir='ltr'>versu</span> 
     </span>
     <span class='ocr_line' id='line_1_24' title="bbox 281 2931 605 3003; baseline -0.009 -12"><span class='ocrx_word' id='word_1_183' title='bbox 281 2938 394 2991; x_wconf 89' lang='lat' dir='ltr'>remoto</span> <span class='ocrx_word' id='word_1_184' title='bbox 419 2933 463 2990; x_wconf 93' lang='grc'>616</span> <span class='ocrx_word' id='word_1_185' title='bbox 486 2931 605 3003; x_wconf 91' lang='lat' dir='ltr'>incipit:</span> 
     </span>
    </p>
   </div>
   <div class='ocr_carea' id='block_1_4' title="bbox 494 3051 1194 3210">
    <p class='ocr_par' dir='ltr' id='par_1_6' title="bbox 494 3051 1194 3210">
     <span class='ocr_line' id='line_1_25' title="bbox 494 3051 1139 3117; baseline 0 -13"><span class='ocrx_word' id='word_1_186' title='bbox 494 3051 583 3106; x_wconf 88' lang='lat' dir='ltr'>Hodie</span> <span class='ocrx_word' id='word_1_187' title='bbox 603 3069 659 3105; x_wconf 91' lang='lat' dir='ltr'>sum</span> <span class='ocrx_word' id='word_1_188' title='bbox 681 3057 790 3106; x_wconf 90' lang='lat' dir='ltr'>acturus</span> <span class='ocrx_word' id='word_1_189' title='bbox 808 3051 1139 3117; x_wconf 84' lang='lat' dir='ltr'>Heautontimorumenou,</span> 
     </span>
     <span class='ocr_line' id='line_1_26' title="bbox 494 3139 1194 3210; baseline 0.003 -16"><span class='ocrx_word' id='word_1_190' title='bbox 494 3141 601 3208; x_wconf 88' lang='lat' dir='ltr'>Duplex</span> <span class='ocrx_word' id='word_1_191' title='bbox 620 3158 687 3208; x_wconf 91' lang='lat' dir='ltr'>quae</span> <span class='ocrx_word' id='word_1_192' title='bbox 706 3159 738 3195; x_wconf 82' lang='lat' dir='ltr'>ex</span> <span class='ocrx_word' id='word_1_193' title='bbox 751 3145 908 3210; x_wconf 82' lang='lat' dir='ltr'>argumento</span> <span class='ocrx_word' id='word_1_194' title='bbox 919 3139 993 3195; x_wconf 56' lang='lat' dir='ltr'>,faeta</span> <span class='ocrx_word' id='word_1_195' title='bbox 1012 3145 1055 3195; x_wconf 89' lang='lat' dir='ltr'>est</span> <span class='ocrx_word' id='word_1_196' title='bbox 1073 3139 1194 3209; x_wconf 87' lang='lat' dir='ltr'>simplici.</span> 
     </span>
    </p>
   </div>
   <div class='ocr_carea' id='block_1_5' title="bbox 278 3251 1409 3880">
    <p class='ocr_par' dir='ltr' id='par_1_7' title="bbox 278 3251 1409 3880">
     <span class='ocr_line' id='line_1_27' title="bbox 370 3251 1406 3326; baseline -0.001 -16"><span class='ocrx_word' id='word_1_197' title='bbox 370 3252 484 3326; x_wconf 78' lang='lat' dir='ltr'>Quodsi</span> <span class='ocrx_word' id='word_1_198' title='bbox 495 3252 660 3320; x_wconf 80' lang='lat' dir='ltr'>Terentius,</span> <span class='ocrx_word' id='word_1_199' title='bbox 675 3268 749 3322; x_wconf 88' lang='lat' dir='ltr'>quae</span> <span class='ocrx_word' id='word_1_200' title='bbox 762 3251 819 3309; x_wconf 89' lang='lat' dir='ltr'>sibi</span> <span class='ocrx_word' id='word_1_201' title='bbox 829 3252 864 3308; x_wconf 93' lang='lat' dir='ltr'>de</span> <span class='ocrx_word' id='word_1_202' title='bbox 878 3252 1126 3310; x_wconf 87' lang='lat' dir='ltr'>contaminatione</span> <span class='ocrx_word' id='word_1_203' title='bbox 1140 3257 1236 3310; x_wconf 89' lang='lat' dir='ltr'>staret</span> <span class='ocrx_word' id='word_1_204' title='bbox 1248 3253 1406 3324; x_wconf 87' lang='lat' dir='ltr'>sententia,</span> 
     </span>
     <span class='ocr_line' id='line_1_28' title="bbox 279 3358 1409 3433; baseline -0.001 -15"><span class='ocrx_word' id='word_1_205' title='bbox 279 3361 310 3418; x_wconf 93' lang='lat' dir='ltr'>in</span> <span class='ocrx_word' id='word_1_206' title='bbox 333 3361 389 3418; x_wconf 91' lang='lat' dir='ltr'>hoc</span> <span class='ocrx_word' id='word_1_207' title='bbox 412 3361 534 3433; x_wconf 83' lang='lat' dir='ltr'>prologo</span> <span class='ocrx_word' id='word_1_208' title='bbox 555 3376 701 3430; x_wconf 83' lang='lat' dir='ltr'>exponere</span> <span class='ocrx_word' id='word_1_209' title='bbox 726 3358 756 3415; x_wconf 89' lang='lat' dir='ltr'>in</span> <span class='ocrx_word' id='word_1_210' title='bbox 780 3359 876 3415; x_wconf 88' lang='lat' dir='ltr'>animo</span> <span class='ocrx_word' id='word_1_211' title='bbox 900 3359 1038 3430; x_wconf 82' lang='lat' dir='ltr'>habebat,</span> <span class='ocrx_word' id='word_1_212' title='bbox 1063 3360 1143 3417; x_wconf 92' lang='lat' dir='ltr'>nullo</span> <span class='ocrx_word' id='word_1_213' title='bbox 1167 3361 1231 3417; x_wconf 92' lang='lat' dir='ltr'>loco</span> <span class='ocrx_word' id='word_1_214' title='bbox 1255 3359 1354 3431; x_wconf 89' lang='lat' dir='ltr'>aptius</span> <span class='ocrx_word' id='word_1_215' title='bbox 1378 3361 1409 3417; x_wconf 90' lang='lat' dir='ltr'>id</span> 
     </span>
     <span class='ocr_line' id='line_1_29' title="bbox 280 3466 1407 3539; baseline -0.002 -14"><span class='ocrx_word' id='word_1_216' title='bbox 280 3469 377 3525; x_wconf 90' lang='lat' dir='ltr'>dicere</span> <span class='ocrx_word' id='word_1_217' title='bbox 400 3468 498 3539; x_wconf 92' lang='lat' dir='ltr'>potuit</span> <span class='ocrx_word' id='word_1_218' title='bbox 521 3483 608 3537; x_wconf 91' lang='lat' dir='ltr'>quam</span> <span class='ocrx_word' id='word_1_219' title='bbox 630 3471 700 3538; x_wconf 89' lang='lat' dir='ltr'>post</span> <span class='ocrx_word' id='word_1_220' title='bbox 725 3467 797 3523; x_wconf 91' lang='lat' dir='ltr'>duos</span> <span class='ocrx_word' id='word_1_221' title='bbox 826 3466 894 3523; x_wconf 89' lang='lat' dir='ltr'>illos</span> <span class='ocrx_word' id='word_1_222' title='bbox 918 3483 1032 3524; x_wconf 73' lang='lat' dir='ltr'>versus.</span> <span class='ocrx_word' id='word_1_223' title='bbox 1079 3467 1121 3524; x_wconf 82' lang='lat' dir='ltr'>nt</span> <span class='ocrx_word' id='word_1_224' title='bbox 1144 3484 1215 3524; x_wconf 85' lang='lat' dir='ltr'>vero</span> <span class='ocrx_word' id='word_1_225' title='bbox 1239 3467 1274 3524; x_wconf 92' lang='lat' dir='ltr'>de</span> <span class='ocrx_word' id='word_1_226' title='bbox 1297 3467 1353 3524; x_wconf 87' lang='lat' dir='ltr'>hac</span> <span class='ocrx_word' id='word_1_227' title='bbox 1376 3484 1407 3523; x_wconf 91' lang='grc'>16</span> 
     </span>
     <span class='ocr_line' id='line_1_30' title="bbox 278 3573 1407 3645; baseline -0.002 -13"><span class='ocrx_word' id='word_1_228' title='bbox 278 3575 414 3632; x_wconf 87' lang='lat' dir='ltr'>versibus</span> <span class='ocrx_word' id='word_1_229' title='bbox 434 3577 561 3631; x_wconf 79' lang='lat'>16-21</span> <span class='ocrx_word' id='word_1_230' title='bbox 580 3573 722 3645; x_wconf 67' lang='lat' dir='ltr'>loquitur,</span> <span class='ocrx_word' id='word_1_231' title='bbox 752 3574 804 3630; x_wconf 92' lang='lat' dir='ltr'>sed</span> <span class='ocrx_word' id='word_1_232' title='bbox 820 3574 897 3631; x_wconf 93' lang='lat' dir='ltr'>hunc</span> <span class='ocrx_word' id='word_1_233' title='bbox 912 3575 1005 3632; x_wconf 92' lang='lat' dir='ltr'>locum</span> <span class='ocrx_word' id='word_1_234' title='bbox 1032 3575 1201 3632; x_wconf 81' lang='lat' dir='ltr'>aversibus</span> <span class='ocrx_word' id='word_1_235' title='bbox 1217 3574 1276 3630; x_wconf 90' lang='lat' dir='ltr'>illis</span> <span class='ocrx_word' id='word_1_236' title='bbox 1294 3574 1407 3630; x_wconf 92' lang='lat' dir='ltr'>duobus</span> 
     </span>
     <span class='ocr_line' id='line_1_31' title="bbox 280 3682 726 3754; baseline 0.002 -16"><span class='ocrx_word' id='word_1_237' title='bbox 280 3683 441 3754; x_wconf 83' lang='lat' dir='ltr'>seiungunt</span> <span class='ocrx_word' id='word_1_238' title='bbox 464 3686 527 3739; x_wconf 89' lang='lat' dir='ltr'>tres</span> <span class='ocrx_word' id='word_1_239' title='bbox 551 3699 656 3738; x_wconf 83' lang='lat' dir='ltr'>versus</span> <span class='ocrx_word' id='word_1_240' title='bbox 681 3682 726 3740; x_wconf 91' lang='lat' dir='ltr'>hi:</span> 
     </span>
     <span class='ocr_line' id='line_1_32' title="bbox 440 3809 1294 3880; baseline -0.001 -16"><span class='ocrx_word' id='word_1_241' title='bbox 440 3813 542 3865; x_wconf 87' lang='lat' dir='ltr'>Nouam</span> <span class='ocrx_word' id='word_1_242' title='bbox 563 3829 621 3866; x_wconf 88' lang='lat' dir='ltr'>esse</span> <span class='ocrx_word' id='word_1_243' title='bbox 641 3812 746 3866; x_wconf 83' lang='lat' dir='ltr'>ostendi</span> <span class='ocrx_word' id='word_1_244' title='bbox 766 3818 879 3880; x_wconf 82' lang='lat' dir='ltr'>atquae</span> <span class='ocrx_word' id='word_1_245' title='bbox 899 3820 983 3868; x_wconf 89' lang='lat' dir='ltr'>esset:</span> <span class='ocrx_word' id='word_1_246' title='bbox 1003 3829 1073 3866; x_wconf 91' lang='lat' dir='ltr'>nunc</span> <span class='ocrx_word' id='word_1_247' title='bbox 1092 3811 1137 3879; x_wconf 87' lang='lat' dir='ltr'>qui</span> <span class='ocrx_word' id='word_1_248' title='bbox 1156 3809 1294 3880; x_wconf 82' lang='lat' dir='ltr'>scripserit</span> 
     </span>
    </p>
   </div>
   <div class='ocr_carea' id='block_1_6' title="bbox 439 3901 1102 4056">
    <p class='ocr_par' dir='ltr' id='par_1_8' title="bbox 439 3901 1102 4056">
     <span class='ocr_line' id='line_1_33' title="bbox 439 3901 1102 3969; baseline 0 -15"><span class='ocrx_word' id='word_1_249' title='bbox 439 3901 478 3954; x_wconf 77' lang='lat' dir='ltr'>nt</span> <span class='ocrx_word' id='word_1_250' title='bbox 496 3901 574 3968; x_wconf 90' lang='lat' dir='ltr'>quoia</span> <span class='ocrx_word' id='word_1_251' title='bbox 594 3901 697 3955; x_wconf 87' lang='lat' dir='ltr'>Graeca</span> <span class='ocrx_word' id='word_1_252' title='bbox 717 3901 761 3966; x_wconf 92' lang='lat' dir='ltr'>sit,</span> <span class='ocrx_word' id='word_1_253' title='bbox 781 3901 808 3954; x_wconf 93' lang='lat' dir='ltr'>ni</span> <span class='ocrx_word' id='word_1_254' title='bbox 827 3907 931 3969; x_wconf 88' lang='lat' dir='ltr'>partem</span> <span class='ocrx_word' id='word_1_255' title='bbox 951 3920 1102 3956; x_wconf 86' lang='lat' dir='ltr'>maxumam</span> 
     </span>
     <span class='ocr_line' id='line_1_34' title="bbox 440 3990 1065 4056; baseline 0.003 -14"><span class='ocrx_word' id='word_1_256' title='bbox 440 3990 639 4044; x_wconf 81' lang='lat' dir='ltr'>Existumarem</span> <span class='ocrx_word' id='word_1_257' title='bbox 659 3990 728 4046; x_wconf 86' lang='lat' dir='ltr'>scire</span> <span class='ocrx_word' id='word_1_258' title='bbox 747 3997 877 4056; x_wconf 86' lang='lat' dir='ltr'>nostrum,</span> <span class='ocrx_word' id='word_1_259' title='bbox 897 3990 924 4044; x_wconf 90' lang='lat' dir='ltr'>id</span> <span class='ocrx_word' id='word_1_260' title='bbox 944 3991 1065 4045; x_wconf 88' lang='lat' dir='ltr'>dicerem.</span> 
     </span>
    </p>
   </div>
   <div class='ocr_carea' id='block_1_7' title="bbox 367 4111 1406 4182">
    <p class='ocr_par' dir='ltr' id='par_1_9' title="bbox 367 4111 1406 4182">
     <span class='ocr_line' id='line_1_35' title="bbox 367 4111 1406 4182; baseline 0 -14"><span class='ocrx_word' id='word_1_261' title='bbox 367 4111 416 4168; x_wconf 83' lang='lat' dir='ltr'>Ex</span> <span class='ocrx_word' id='word_1_262' title='bbox 440 4111 514 4182; x_wconf 84' lang='lat' dir='ltr'>ipso,</span> <span class='ocrx_word' id='word_1_263' title='bbox 540 4112 616 4182; x_wconf 89' lang='lat' dir='ltr'>quod</span> <span class='ocrx_word' id='word_1_264' title='bbox 633 4117 694 4168; x_wconf 88' lang='lat' dir='ltr'>tres</span> <span class='ocrx_word' id='word_1_265' title='bbox 719 4111 749 4167; x_wconf 91' lang='lat' dir='ltr'>hi</span> <span class='ocrx_word' id='word_1_266' title='bbox 774 4129 878 4169; x_wconf 80' lang='lat' dir='ltr'>versus</span> <span class='ocrx_word' id='word_1_267' title='bbox 896 4112 969 4170; x_wconf 88' lang='lat' dir='ltr'>duos</span> <span class='ocrx_word' id='word_1_268' title='bbox 993 4113 1074 4170; x_wconf 88' lang='lat' dir='ltr'>locos</span> <span class='ocrx_word' id='word_1_269' title='bbox 1099 4113 1176 4170; x_wconf 87' lang='lat' dir='ltr'>inter</span> <span class='ocrx_word' id='word_1_270' title='bbox 1200 4130 1232 4170; x_wconf 89' lang='lat' dir='ltr'>sc</span> <span class='ocrx_word' id='word_1_271' title='bbox 1257 4111 1406 4169; x_wconf 88' lang='lat' dir='ltr'>artissime</span> 
     </span>
    </p>
   </div>
   <div class='ocr_carea' id='block_1_8' title="bbox 0 0 1668 5016">
    <p class='ocr_par' dir='ltr' id='par_1_10' title="bbox 0 0 1668 5016">
     <span class='ocr_line' id='line_1_36' title="bbox 0 0 1668 5016; baseline 0 1"><span class='ocrx_word' id='word_1_272' title='bbox 0 0 1668 5016; x_wconf 95' lang='lat' dir='ltr'> </span> 
     </span>
    </p>
   </div>
  </div>
 </body>
</html>
