<?xml version="1.0" encoding="UTF-8"?>
<!DOCTYPE html PUBLIC "-//W3C//DTD XHTML 1.0 Transitional//EN"
    "http://www.w3.org/TR/xhtml1/DTD/xhtml1-transitional.dtd">
<html xmlns="http://www.w3.org/1999/xhtml" xml:lang="en" lang="en">
 <head>
  <title>
</title>
<meta http-equiv="Content-Type" content="text/html;charset=utf-8" />
  <meta name='ocr-system' content='tesseract 3.04.00' />
  <meta name='ocr-capabilities' content='ocr_page ocr_carea ocr_par ocr_line ocrx_word'/>
</head>
<body>
  <div class='ocr_page' id='page_1' title='image "./quaestionestere00herrgoog_0026.png"; bbox 0 0 3326 5016; ppageno 0'>
   <div class='ocr_carea' id='block_1_1' title="bbox 681 479 901 532">
    <p class='ocr_par' dir='ltr' id='par_1_1' title="bbox 681 479 901 532">
     <span class='ocr_line' id='line_1_1' title="bbox 681 479 901 532; baseline 0 -16"><span class='ocrx_word' id='word_1_1' title='bbox 681 479 901 532; x_wconf 39' lang='grc' dir='ltr'>μω.-</span> 
     </span>
    </p>
   </div>
   <div class='ocr_carea' id='block_1_2' title="bbox 226 654 1358 3082">
    <p class='ocr_par' dir='ltr' id='par_1_2' title="bbox 226 654 1357 2638">
     <span class='ocr_line' id='line_1_2' title="bbox 229 654 1357 728; baseline -0.004 -13"><span class='ocrx_word' id='word_1_2' title='bbox 229 659 276 716; x_wconf 79' lang='lat' dir='ltr'>liis</span> <span class='ocrx_word' id='word_1_3' title='bbox 305 674 445 715; x_wconf 85' lang='lat' dir='ltr'>successu</span> <span class='ocrx_word' id='word_1_4' title='bbox 478 654 608 728; x_wconf 49' lang='lat' dir='ltr'>ingentiq</span> <span class='ocrx_word' id='word_1_5' title='bbox 644 672 676 712; x_wconf 90' lang='lat' dir='ltr'>se</span> <span class='ocrx_word' id='word_1_6' title='bbox 704 654 733 712; x_wconf 89' lang='grc'>111</span> <span class='ocrx_word' id='word_1_7' title='bbox 763 655 874 711; x_wconf 85' lang='lat' dir='ltr'>actoris</span> <span class='ocrx_word' id='word_1_8' title='bbox 902 655 1026 712; x_wconf 88' lang='lat' dir='ltr'>tutelam</span> <span class='ocrx_word' id='word_1_9' title='bbox 1059 655 1269 722; x_wconf 76' lang='lat' dir='ltr'>committeret,</span> <span class='ocrx_word' id='word_1_10' title='bbox 1305 672 1357 712; x_wconf 91' lang='lat' dir='ltr'>cur</span> 
     </span>
     <span class='ocr_line' id='line_1_3' title="bbox 227 761 1354 842; baseline -0.004 -20"><span class='ocrx_word' id='word_1_11' title='bbox 227 767 360 830; x_wconf 80' lang='lat' dir='ltr'>timeret,</span> <span class='ocrx_word' id='word_1_12' title='bbox 390 781 427 820; x_wconf 93' lang='lat' dir='ltr'>ne</span> <span class='ocrx_word' id='word_1_13' title='bbox 450 763 571 835; x_wconf 74' lang='lat' dir='ltr'>Hecyra</span> <span class='ocrx_word' id='word_1_14' title='bbox 599 762 694 819; x_wconf 82' lang='lat' dir='ltr'>urinus</span> <span class='ocrx_word' id='word_1_15' title='bbox 724 762 851 834; x_wconf 86' lang='lat' dir='ltr'>probata</span> <span class='ocrx_word' id='word_1_16' title='bbox 879 778 928 819; x_wconf 90' lang='lat' dir='ltr'>ors</span> <span class='ocrx_word' id='word_1_17' title='bbox 956 761 1069 842; x_wconf 87' lang='lat' dir='ltr'>musica</span> <span class='ocrx_word' id='word_1_18' title='bbox 1094 763 1131 819; x_wconf 90' lang='lat' dir='ltr'>ad</span> <span class='ocrx_word' id='word_1_19' title='bbox 1154 778 1264 835; x_wconf 90' lang='lat' dir='ltr'>paucos</span> <span class='ocrx_word' id='word_1_20' title='bbox 1287 761 1354 820; x_wconf 92' lang='lat' dir='ltr'>illos</span> 
     </span>
     <span class='ocr_line' id='line_1_4' title="bbox 227 869 1355 955; baseline -0.003 -26"><span class='ocrx_word' id='word_1_21' title='bbox 227 871 415 930; x_wconf 86' lang='lat' dir='ltr'>adversarios</span> <span class='ocrx_word' id='word_1_22' title='bbox 439 869 603 928; x_wconf 75' lang='lat' dir='ltr'>recideret?</span> <span class='ocrx_word' id='word_1_23' title='bbox 649 869 754 926; x_wconf 86' lang='lat' dir='ltr'>Nonne</span> <span class='ocrx_word' id='word_1_24' title='bbox 779 886 815 926; x_wconf 89' lang='lat' dir='ltr'>ex</span> <span class='ocrx_word' id='word_1_25' title='bbox 838 869 917 940; x_wconf 77' lang='lat' dir='ltr'>ipso,</span> <span class='ocrx_word' id='word_1_26' title='bbox 948 869 1025 940; x_wconf 89' lang='lat' dir='ltr'>quod</span> <span class='ocrx_word' id='word_1_27' title='bbox 1048 869 1198 941; x_wconf 79' lang='lat' dir='ltr'>Hecyram</span> <span class='ocrx_word' id='word_1_28' title='bbox 1226 870 1355 955; x_wconf 82' lang='lat' dir='ltr'>fabulam</span> 
     </span>
     <span class='ocr_line' id='line_1_5' title="bbox 227 967 1356 1051; baseline 0 -17"><span class='ocrx_word' id='word_1_29' title='bbox 227 979 274 1035; x_wconf 89' lang='lat' dir='ltr'>bis</span> <span class='ocrx_word' id='word_1_30' title='bbox 290 995 464 1051; x_wconf 82' lang='lat' dir='ltr'>oppressam</span> <span class='ocrx_word' id='word_1_31' title='bbox 481 977 575 1034; x_wconf 91' lang='lat' dir='ltr'>denuo</span> <span class='ocrx_word' id='word_1_32' title='bbox 591 976 718 1046; x_wconf 84' lang='lat' dir='ltr'>rettulit,</span> <span class='ocrx_word' id='word_1_33' title='bbox 742 976 911 1033; x_wconf 79' lang='lat' dir='ltr'>&#39;Percutirun</span> <span class='ocrx_word' id='word_1_34' title='bbox 927 993 985 1033; x_wconf 91' lang='lat' dir='ltr'>nou</span> <span class='ocrx_word' id='word_1_35' title='bbox 1005 967 1127 1048; x_wconf 87' lang='lat' dir='ltr'>parvam</span> <span class='ocrx_word' id='word_1_36' title='bbox 1148 977 1356 1035; x_wconf 85' lang='lat' dir='ltr'>auctoritatem</span> 
     </span>
     <span class='ocr_line' id='line_1_6' title="bbox 226 1083 1356 1159; baseline 0.001 -18"><span class='ocrx_word' id='word_1_37' title='bbox 226 1085 412 1159; x_wconf 74' lang='lat' dir='ltr'>gratiamque</span> <span class='ocrx_word' id='word_1_38' title='bbox 437 1088 465 1142; x_wconf 88' lang='lat' dir='ltr'>et</span> <span class='ocrx_word' id='word_1_39' title='bbox 490 1101 627 1159; x_wconf 79' lang='lat' dir='ltr'>magnam</span> <span class='ocrx_word' id='word_1_40' title='bbox 656 1083 792 1140; x_wconf 88' lang='lat' dir='ltr'>fiduciam</span> <span class='ocrx_word' id='word_1_41' title='bbox 819 1083 930 1156; x_wconf 89' lang='lat' dir='ltr'>ingenii</span> <span class='ocrx_word' id='word_1_42' title='bbox 960 1084 1006 1140; x_wconf 91' lang='lat' dir='ltr'>sui</span> <span class='ocrx_word' id='word_1_43' title='bbox 1035 1101 1070 1140; x_wconf 86' lang='lat' dir='ltr'>ao</span> <span class='ocrx_word' id='word_1_44' title='bbox 1099 1084 1194 1140; x_wconf 86' lang='lat' dir='ltr'>lamae</span> <span class='ocrx_word' id='word_1_45' title='bbox 1218 1084 1356 1156; x_wconf 90' lang='lat' dir='ltr'>adeptum</span> 
     </span>
     <span class='ocr_line' id='line_1_7' title="bbox 229 1190 1354 1273; baseline -0.001 -24"><span class='ocrx_word' id='word_1_46' title='bbox 229 1209 295 1249; x_wconf 84' lang='lat' dir='ltr'>esse</span> <span class='ocrx_word' id='word_1_47' title='bbox 320 1193 463 1264; x_wconf 79' lang='lat' dir='ltr'>appareti</span> <span class='ocrx_word' id='word_1_48' title='bbox 489 1193 538 1249; x_wconf 89' lang='lat' dir='ltr'>An</span> <span class='ocrx_word' id='word_1_49' title='bbox 562 1207 632 1248; x_wconf 84' lang='lat' dir='ltr'>roro</span> <span class='ocrx_word' id='word_1_50' title='bbox 658 1207 761 1247; x_wconf 81' lang='lat' dir='ltr'>censes</span> <span class='ocrx_word' id='word_1_51' title='bbox 778 1190 903 1273; x_wconf 88' lang='lat' dir='ltr'>tironem</span> <span class='ocrx_word' id='word_1_52' title='bbox 926 1190 999 1248; x_wconf 91' lang='lat' dir='ltr'>illud</span> <span class='ocrx_word' id='word_1_53' title='bbox 1022 1207 1160 1248; x_wconf 83' lang='lat' dir='ltr'>ausurum</span> <span class='ocrx_word' id='word_1_54' title='bbox 1185 1191 1296 1248; x_wconf 83' lang='lat' dir='ltr'>fuisse?</span> <span class='ocrx_word' id='word_1_55' title='bbox 1314 1226 1354 1232; x_wconf 92' lang='lat'>—</span> 
     </span>
     <span class='ocr_line' id='line_1_8' title="bbox 228 1297 1354 1370; baseline -0.002 -12"><span class='ocrx_word' id='word_1_56' title='bbox 228 1303 273 1358; x_wconf 89' lang='lat' dir='ltr'>At</span> <span class='ocrx_word' id='word_1_57' title='bbox 297 1300 373 1356; x_wconf 88' lang='lat' dir='ltr'>enim</span> <span class='ocrx_word' id='word_1_58' title='bbox 394 1297 553 1356; x_wconf 88' lang='lat' dir='ltr'>Ambivius</span> <span class='ocrx_word' id='word_1_59' title='bbox 578 1297 641 1370; x_wconf 92' lang='lat' dir='ltr'>ipse</span> <span class='ocrx_word' id='word_1_60' title='bbox 664 1297 819 1370; x_wconf 89' lang='lat' dir='ltr'>prologum</span> <span class='ocrx_word' id='word_1_61' title='bbox 843 1297 1035 1355; x_wconf 88' lang='lat' dir='ltr'>demissorum</span> <span class='ocrx_word' id='word_1_62' title='bbox 1060 1298 1216 1356; x_wconf 89' lang='lat' dir='ltr'>verborum</span> <span class='ocrx_word' id='word_1_63' title='bbox 1238 1298 1354 1370; x_wconf 92' lang='lat' dir='ltr'>plenum</span> 
     </span>
     <span class='ocr_line' id='line_1_9' title="bbox 228 1404 1355 1479; baseline -0.002 -16"><span class='ocrx_word' id='word_1_64' title='bbox 228 1405 449 1479; x_wconf 87' lang='lat' dir='ltr'>pronuntiavit!</span> <span class='ocrx_word' id='word_1_65' title='bbox 480 1404 559 1462; x_wconf 84' lang='lat' dir='ltr'>Sane</span> <span class='ocrx_word' id='word_1_66' title='bbox 583 1421 685 1476; x_wconf 82' lang='lat' dir='ltr'>preces</span> <span class='ocrx_word' id='word_1_67' title='bbox 710 1404 860 1462; x_wconf 77' lang='lat' dir='ltr'>adhibitae</span> <span class='ocrx_word' id='word_1_68' title='bbox 885 1409 969 1474; x_wconf 75' lang='lat' dir='ltr'>sunt,</span> <span class='ocrx_word' id='word_1_69' title='bbox 996 1406 1048 1462; x_wconf 89' lang='lat' dir='ltr'>sed</span> <span class='ocrx_word' id='word_1_70' title='bbox 1071 1405 1168 1462; x_wconf 82' lang='lat' dir='ltr'>nriuus</span> <span class='ocrx_word' id='word_1_71' title='bbox 1192 1422 1245 1478; x_wconf 91' lang='lat' dir='ltr'>pro</span> <span class='ocrx_word' id='word_1_72' title='bbox 1268 1409 1355 1476; x_wconf 89' lang='lat' dir='ltr'>poeta</span> 
     </span>
     <span class='ocr_line' id='line_1_10' title="bbox 230 1511 1355 1584; baseline 0 -16"><span class='ocrx_word' id='word_1_73' title='bbox 230 1530 317 1584; x_wconf 75' lang='lat' dir='ltr'>quam</span> <span class='ocrx_word' id='word_1_74' title='bbox 340 1529 393 1584; x_wconf 91' lang='lat' dir='ltr'>pro</span> <span class='ocrx_word' id='word_1_75' title='bbox 418 1511 519 1569; x_wconf 84' lang='lat' dir='ltr'>fabula</span> <span class='ocrx_word' id='word_1_76' title='bbox 542 1511 626 1569; x_wconf 87' lang='lat' dir='ltr'>brevi</span> <span class='ocrx_word' id='word_1_77' title='bbox 650 1517 720 1570; x_wconf 89' lang='lat' dir='ltr'>ante</span> <span class='ocrx_word' id='word_1_78' title='bbox 743 1513 849 1569; x_wconf 89' lang='lat' dir='ltr'>iterum</span> <span class='ocrx_word' id='word_1_79' title='bbox 875 1529 1025 1584; x_wconf 88' lang='lat' dir='ltr'>oppressa.</span> <span class='ocrx_word' id='word_1_80' title='bbox 1075 1511 1183 1584; x_wconf 79' lang='lat' dir='ltr'>Quidni</span> <span class='ocrx_word' id='word_1_81' title='bbox 1200 1512 1355 1570; x_wconf 85' lang='lat' dir='ltr'>Terentius</span> 
     </span>
     <span class='ocr_line' id='line_1_11' title="bbox 232 1619 1354 1692; baseline 0.001 -16"><span class='ocrx_word' id='word_1_82' title='bbox 232 1621 308 1676; x_wconf 88' lang='lat' dir='ltr'>omni</span> <span class='ocrx_word' id='word_1_83' title='bbox 332 1637 386 1692; x_wconf 90' lang='lat' dir='ltr'>ope</span> <span class='ocrx_word' id='word_1_84' title='bbox 411 1623 442 1676; x_wconf 90' lang='lat' dir='ltr'>et</span> <span class='ocrx_word' id='word_1_85' title='bbox 458 1635 547 1690; x_wconf 86' lang='lat' dir='ltr'>opera</span> <span class='ocrx_word' id='word_1_86' title='bbox 571 1619 742 1689; x_wconf 81' lang='lat' dir='ltr'>eniteretur,</span> <span class='ocrx_word' id='word_1_87' title='bbox 768 1625 801 1676; x_wconf 91' lang='lat' dir='ltr'>ut</span> <span class='ocrx_word' id='word_1_88' title='bbox 825 1619 933 1686; x_wconf 81' lang='lat' dir='ltr'>tabula,</span> <span class='ocrx_word' id='word_1_89' title='bbox 958 1636 1032 1689; x_wconf 88' lang='lat' dir='ltr'>quae</span> <span class='ocrx_word' id='word_1_90' title='bbox 1056 1637 1115 1676; x_wconf 90' lang='lat' dir='ltr'>una</span> <span class='ocrx_word' id='word_1_91' title='bbox 1135 1636 1193 1677; x_wconf 92' lang='lat' dir='ltr'>uon</span> <span class='ocrx_word' id='word_1_92' title='bbox 1218 1623 1354 1677; x_wconf 89' lang='lat' dir='ltr'>stet-erat.</span> 
     </span>
     <span class='ocr_line' id='line_1_12' title="bbox 231 1725 1354 1799; baseline -0.002 -15"><span class='ocrx_word' id='word_1_93' title='bbox 231 1727 349 1784; x_wconf 84' lang='lat' dir='ltr'>tandem</span> <span class='ocrx_word' id='word_1_94' title='bbox 391 1734 620 1799; x_wconf 84' lang='lat' dir='ltr'>cognosceretur</span> <span class='ocrx_word' id='word_1_95' title='bbox 655 1732 686 1783; x_wconf 91' lang='lat' dir='ltr'>et</span> <span class='ocrx_word' id='word_1_96' title='bbox 719 1725 913 1797; x_wconf 76' lang='lat' dir='ltr'>probaretur?</span> <span class='ocrx_word' id='word_1_97' title='bbox 953 1727 1029 1796; x_wconf 92' lang='lat' dir='ltr'>quod</span> <span class='ocrx_word' id='word_1_98' title='bbox 1070 1731 1104 1782; x_wconf 91' lang='lat' dir='ltr'>ut</span> <span class='ocrx_word' id='word_1_99' title='bbox 1138 1729 1354 1797; x_wconf 63' lang='lat' dir='ltr'>assequeretur</span> 
     </span>
     <span class='ocr_line' id='line_1_13' title="bbox 230 1832 1356 1906; baseline 0 -16"><span class='ocrx_word' id='word_1_100' title='bbox 230 1833 368 1906; x_wconf 79' lang='lat' dir='ltr'>placidis,</span> <span class='ocrx_word' id='word_1_101' title='bbox 392 1832 551 1902; x_wconf 62' lang='lat' dir='ltr'>modestis</span> <span class='ocrx_word' id='word_1_102' title='bbox 578 1833 759 1905; x_wconf 77' lang='lat' dir='ltr'>supplicibus</span> <span class='ocrx_word' id='word_1_103' title='bbox 784 1833 884 1890; x_wconf 82' lang='lat' dir='ltr'>verbis</span> <span class='ocrx_word' id='word_1_104' title='bbox 913 1850 986 1904; x_wconf 92' lang='lat' dir='ltr'>opus</span> <span class='ocrx_word' id='word_1_105' title='bbox 1016 1839 1090 1892; x_wconf 87' lang='lat' dir='ltr'>erat.</span> <span class='ocrx_word' id='word_1_106' title='bbox 1139 1833 1244 1904; x_wconf 86' lang='lat' dir='ltr'>Itaque</span> <span class='ocrx_word' id='word_1_107' title='bbox 1267 1837 1356 1905; x_wconf 90' lang='lat' dir='ltr'>poeta</span> 
     </span>
     <span class='ocr_line' id='line_1_14' title="bbox 231 1939 1356 2013; baseline 0 -16"><span class='ocrx_word' id='word_1_108' title='bbox 231 1941 401 1998; x_wconf 83' lang='lat' dir='ltr'>calamitate</span> <span class='ocrx_word' id='word_1_109' title='bbox 435 1939 481 1997; x_wconf 82' lang='lat' dir='ltr'>bis</span> <span class='ocrx_word' id='word_1_110' title='bbox 516 1944 640 2011; x_wconf 87' lang='lat' dir='ltr'>accepta</span> <span class='ocrx_word' id='word_1_111' title='bbox 675 1941 779 1997; x_wconf 89' lang='lat' dir='ltr'>doctus</span> <span class='ocrx_word' id='word_1_112' title='bbox 811 1940 884 1997; x_wconf 86' lang='lat' dir='ltr'>talia</span> <span class='ocrx_word' id='word_1_113' title='bbox 913 1941 1004 1998; x_wconf 88' lang='lat' dir='ltr'>verba</span> <span class='ocrx_word' id='word_1_114' title='bbox 1033 1940 1214 2013; x_wconf 86' lang='lat' dir='ltr'>suppressit,</span> <span class='ocrx_word' id='word_1_115' title='bbox 1250 1941 1356 2010; x_wconf 90' lang='lat' dir='ltr'>quibus</span> 
     </span>
     <span class='ocr_line' id='line_1_15' title="bbox 231 2045 1357 2122; baseline 0.003 -23"><span class='ocrx_word' id='word_1_116' title='bbox 231 2046 356 2118; x_wconf 90' lang='lat' dir='ltr'>populus</span> <span class='ocrx_word' id='word_1_117' title='bbox 381 2045 546 2105; x_wconf 84' lang='lat' dir='ltr'>laederetur</span> <span class='ocrx_word' id='word_1_118' title='bbox 570 2047 620 2121; x_wconf 83' lang='lat' dir='ltr'>(cf.</span> <span class='ocrx_word' id='word_1_119' title='bbox 645 2047 719 2118; x_wconf 86' lang='lat' dir='ltr'>prol.</span> <span class='ocrx_word' id='word_1_120' title='bbox 744 2047 760 2104; x_wconf 93' lang='lat' dir='ltr'>I</span> <span class='ocrx_word' id='word_1_121' title='bbox 783 2064 811 2104; x_wconf 83' lang='lat' dir='ltr'>r.</span> <span class='ocrx_word' id='word_1_122' title='bbox 838 2051 857 2104; x_wconf 91' lang='grc'>4</span> <span class='ocrx_word' id='word_1_123' title='bbox 882 2046 1006 2120; x_wconf 87' lang='lat' dir='ltr'>populus</span> <span class='ocrx_word' id='word_1_124' title='bbox 1031 2047 1190 2122; x_wconf 81' lang='lat' dir='ltr'>stupidus),</span> <span class='ocrx_word' id='word_1_125' title='bbox 1215 2047 1357 2105; x_wconf 80' lang='lat' dir='ltr'>Ambivio</span> 
     </span>
     <span class='ocr_line' id='line_1_16' title="bbox 233 2153 1356 2225; baseline 0.005 -19"><span class='ocrx_word' id='word_1_126' title='bbox 233 2159 350 2210; x_wconf 75' lang='lat' dir='ltr'>maiore</span> <span class='ocrx_word' id='word_1_127' title='bbox 375 2170 446 2210; x_wconf 87' lang='lat' dir='ltr'>usus</span> <span class='ocrx_word' id='word_1_128' title='bbox 471 2159 532 2223; x_wconf 87' lang='lat' dir='ltr'>est,</span> <span class='ocrx_word' id='word_1_129' title='bbox 567 2153 747 2211; x_wconf 86' lang='lat' dir='ltr'>defendendo</span> <span class='ocrx_word' id='word_1_130' title='bbox 778 2159 808 2210; x_wconf 89' lang='lat' dir='ltr'>et</span> <span class='ocrx_word' id='word_1_131' title='bbox 830 2153 965 2211; x_wconf 74' lang='lat' dir='ltr'>vexando</span> <span class='ocrx_word' id='word_1_132' title='bbox 989 2155 1148 2224; x_wconf 79' lang='lat' dir='ltr'>abstinuit3</span> <span class='ocrx_word' id='word_1_133' title='bbox 1179 2155 1303 2225; x_wconf 90' lang='lat' dir='ltr'>denique</span> <span class='ocrx_word' id='word_1_134' title='bbox 1326 2153 1356 2212; x_wconf 90' lang='lat' dir='ltr'>id</span> 
     </span>
     <span class='ocr_line' id='line_1_17' title="bbox 230 2255 1357 2334; baseline 0.001 -18"><span class='ocrx_word' id='word_1_135' title='bbox 230 2277 318 2317; x_wconf 90' lang='lat' dir='ltr'>uuum</span> <span class='ocrx_word' id='word_1_136' title='bbox 347 2260 424 2333; x_wconf 86' lang='lat' dir='ltr'>egit,</span> <span class='ocrx_word' id='word_1_137' title='bbox 455 2264 489 2318; x_wconf 87' lang='lat' dir='ltr'>ut</span> <span class='ocrx_word' id='word_1_138' title='bbox 523 2261 653 2318; x_wconf 79' lang='lat' dir='ltr'>fabulam</span> <span class='ocrx_word' id='word_1_139' title='bbox 684 2255 956 2334; x_wconf 82' lang='lat' dir='ltr'>commenda1·et.¹¹)</span> <span class='ocrx_word' id='word_1_140' title='bbox 1008 2261 1259 2333; x_wconf 79' lang='lat' dir='ltr'>Quantaecunque</span> <span class='ocrx_word' id='word_1_141' title='bbox 1286 2277 1357 2318; x_wconf 84' lang='lat' dir='ltr'>vero</span> 
     </span>
     <span class='ocr_line' id='line_1_18' title="bbox 231 2366 1356 2439; baseline 0.001 -16"><span class='ocrx_word' id='word_1_142' title='bbox 231 2383 318 2424; x_wconf 84' lang='lat' dir='ltr'>rurae</span> <span class='ocrx_word' id='word_1_143' title='bbox 350 2366 451 2425; x_wconf 84' lang='lat' dir='ltr'>fabula</span> <span class='ocrx_word' id='word_1_144' title='bbox 489 2367 610 2439; x_wconf 71' lang='lat' dir='ltr'>Heeyra</span> <span class='ocrx_word' id='word_1_145' title='bbox 643 2373 748 2438; x_wconf 91' lang='lat' dir='ltr'>poetae</span> <span class='ocrx_word' id='word_1_146' title='bbox 788 2368 857 2438; x_wconf 82' lang='lat' dir='ltr'>fuit,</span> <span class='ocrx_word' id='word_1_147' title='bbox 894 2369 923 2425; x_wconf 92' lang='lat' dir='ltr'>iu</span> <span class='ocrx_word' id='word_1_148' title='bbox 964 2385 1028 2425; x_wconf 92' lang='lat' dir='ltr'>eum</span> <span class='ocrx_word' id='word_1_149' title='bbox 1063 2373 1126 2425; x_wconf 89' lang='lat' dir='ltr'>tum</span> <span class='ocrx_word' id='word_1_150' title='bbox 1165 2369 1261 2425; x_wconf 86' lang='lat' dir='ltr'>locum</span> <span class='ocrx_word' id='word_1_151' title='bbox 1295 2385 1356 2424; x_wconf 88' lang='lat' dir='ltr'>rem</span> 
     </span>
     <span class='ocr_line' id='line_1_19' title="bbox 230 2473 1357 2548; baseline 0 -18"><span class='ocrx_word' id='word_1_152' title='bbox 230 2473 358 2543; x_wconf 66' lang='lat' dir='ltr'>redisse,</span> <span class='ocrx_word' id='word_1_153' title='bbox 390 2479 422 2531; x_wconf 86' lang='lat' dir='ltr'>nt</span> <span class='ocrx_word' id='word_1_154' title='bbox 457 2473 572 2531; x_wconf 89' lang='lat' dir='ltr'>omniuo</span> <span class='ocrx_word' id='word_1_155' title='bbox 588 2474 681 2531; x_wconf 83' lang='lat' dir='ltr'>-fama</span> <span class='ocrx_word' id='word_1_156' title='bbox 715 2479 745 2532; x_wconf 92' lang='lat' dir='ltr'>et</span> <span class='ocrx_word' id='word_1_157' title='bbox 775 2474 956 2532; x_wconf 82' lang='lat' dir='ltr'>existimatio</span> <span class='ocrx_word' id='word_1_158' title='bbox 986 2475 1104 2533; x_wconf 83' lang='lat' dir='ltr'>Terenti</span> <span class='ocrx_word' id='word_1_159' title='bbox 1133 2480 1284 2548; x_wconf 78' lang='lat' dir='ltr'>ageretur,</span> <span class='ocrx_word' id='word_1_160' title='bbox 1315 2475 1357 2531; x_wconf 95' lang='lat' dir='ltr'>in-</span> 
     </span>
     <span class='ocr_line' id='line_1_20' title="bbox 230 2581 463 2638; baseline 0.009 -2"><span class='ocrx_word' id='word_1_161' title='bbox 230 2581 383 2638; x_wconf 86' lang='lat' dir='ltr'>fitiandum</span> <span class='ocrx_word' id='word_1_162' title='bbox 407 2586 463 2638; x_wconf 89' lang='lat' dir='ltr'>est.</span> 
     </span>
    </p>

    <p class='ocr_par' dir='ltr' id='par_1_3' title="bbox 230 2687 1358 3082">
     <span class='ocr_line' id='line_1_21' title="bbox 308 2687 1357 2763; baseline 0.002 -19"><span class='ocrx_word' id='word_1_163' title='bbox 308 2688 402 2760; x_wconf 13' lang='lat' dir='ltr'>*Quae</span> <span class='ocrx_word' id='word_1_164' title='bbox 443 2705 530 2759; x_wconf 83' lang='lat' dir='ltr'>quum</span> <span class='ocrx_word' id='word_1_165' title='bbox 564 2687 609 2744; x_wconf 87' lang='lat' dir='ltr'>ita</span> <span class='ocrx_word' id='word_1_166' title='bbox 637 2688 706 2757; x_wconf 72' lang='lat' dir='ltr'>siut,</span> <span class='ocrx_word' id='word_1_167' title='bbox 738 2705 843 2745; x_wconf 86' lang='lat' dir='ltr'>versus</span> <span class='ocrx_word' id='word_1_168' title='bbox 869 2692 998 2746; x_wconf 83' lang='lat'>35—46</span> <span class='ocrx_word' id='word_1_169' title='bbox 1032 2689 1148 2763; x_wconf 86' lang='lat' dir='ltr'>prologi</span> <span class='ocrx_word' id='word_1_170' title='bbox 1181 2690 1291 2747; x_wconf 88' lang='lat' dir='ltr'>Heaut.</span> <span class='ocrx_word' id='word_1_171' title='bbox 1327 2690 1357 2746; x_wconf 93' lang='grc'>111</span> 
     </span>
     <span class='ocr_line' id='line_1_22' title="bbox 231 2795 1356 2869; baseline 0.003 -19"><span class='ocrx_word' id='word_1_172' title='bbox 231 2797 383 2868; x_wconf 87' lang='lat' dir='ltr'>prologum</span> <span class='ocrx_word' id='word_1_173' title='bbox 408 2795 555 2867; x_wconf 67' lang='lat' dir='ltr'>Hecyrae,</span> <span class='ocrx_word' id='word_1_174' title='bbox 582 2811 686 2852; x_wconf 79' lang='lat' dir='ltr'>versus</span> <span class='ocrx_word' id='word_1_175' title='bbox 712 2797 842 2852; x_wconf 79' lang='lat'>38-49</span> <span class='ocrx_word' id='word_1_176' title='bbox 867 2796 982 2868; x_wconf 81' lang='lat' dir='ltr'>prologi</span> <span class='ocrx_word' id='word_1_177' title='bbox 998 2797 1135 2867; x_wconf 77' lang='lat' dir='ltr'>Hecyrae</span> <span class='ocrx_word' id='word_1_178' title='bbox 1156 2797 1186 2853; x_wconf 93' lang='lat' dir='ltr'>in</span> <span class='ocrx_word' id='word_1_179' title='bbox 1202 2797 1356 2869; x_wconf 80' lang='lat' dir='ltr'>prologum</span> 
     </span>
     <span class='ocr_line' id='line_1_23' title="bbox 230 2901 1356 2974; baseline 0 -14"><span class='ocrx_word' id='word_1_180' title='bbox 230 2903 341 2960; x_wconf 85' lang='lat' dir='ltr'>Heaut.</span> <span class='ocrx_word' id='word_1_181' title='bbox 367 2901 580 2972; x_wconf 87' lang='lat' dir='ltr'>transponendi</span> <span class='ocrx_word' id='word_1_182' title='bbox 605 2907 684 2958; x_wconf 82' lang='lat' dir='ltr'>suut.</span> <span class='ocrx_word' id='word_1_183' title='bbox 732 2902 798 2959; x_wconf 86' lang='lat' dir='ltr'>Hos</span> <span class='ocrx_word' id='word_1_184' title='bbox 823 2903 895 2960; x_wconf 89' lang='lat' dir='ltr'>duos</span> <span class='ocrx_word' id='word_1_185' title='bbox 924 2903 1004 2960; x_wconf 86' lang='lat' dir='ltr'>locos</span> <span class='ocrx_word' id='word_1_186' title='bbox 1033 2903 1092 2960; x_wconf 88' lang='lat' dir='ltr'>iam</span> <span class='ocrx_word' id='word_1_187' title='bbox 1122 2904 1252 2974; x_wconf 86' lang='lat' dir='ltr'>antiquis</span> <span class='ocrx_word' id='word_1_188' title='bbox 1282 2910 1356 2962; x_wconf 87' lang='lat' dir='ltr'>tem·</span> 
     </span>
     <span class='ocr_line' id='line_1_24' title="bbox 230 3005 1358 3082; baseline 0.005 -20"><span class='ocrx_word' id='word_1_189' title='bbox 230 3010 352 3082; x_wconf 91' lang='lat' dir='ltr'>poribus</span> <span class='ocrx_word' id='word_1_190' title='bbox 376 3013 560 3080; x_wconf 85' lang='lat' dir='ltr'>permutatos</span> <span class='ocrx_word' id='word_1_191' title='bbox 585 3025 650 3064; x_wconf 85' lang='lat' dir='ltr'>esse</span> <span class='ocrx_word' id='word_1_192' title='bbox 674 3009 774 3066; x_wconf 86' lang='lat' dir='ltr'>nescio</span> <span class='ocrx_word' id='word_1_193' title='bbox 799 3027 835 3066; x_wconf 90' lang='lat' dir='ltr'>au</span> <span class='ocrx_word' id='word_1_194' title='bbox 860 3011 915 3067; x_wconf 92' lang='grc'><strong>1100</strong></span> <span class='ocrx_word' id='word_1_195' title='bbox 938 3027 1051 3081; x_wconf 83' lang='lat' dir='ltr'>quoque</span> <span class='ocrx_word' id='word_1_196' title='bbox 1075 3005 1184 3069; x_wconf 88' lang='lat' dir='ltr'>indicio</span> <span class='ocrx_word' id='word_1_197' title='bbox 1207 3011 1255 3078; x_wconf 85' lang='lat' dir='ltr'>sit,</span> <span class='ocrx_word' id='word_1_198' title='bbox 1281 3012 1358 3081; x_wconf 89' lang='lat' dir='ltr'>quod</span> 
     </span>
    </p>
   </div>
   <div class='ocr_carea' id='block_1_3' title="bbox 231 3134 337 3175">
    <p class='ocr_par' dir='ltr' id='par_1_4' title="bbox 231 3134 337 3175">
     <span class='ocr_line' id='line_1_25' title="bbox 231 3134 337 3175; baseline 0 -3"><span class='ocrx_word' id='word_1_199' title='bbox 231 3134 337 3175; x_wconf 65' lang='lat' dir='ltr'>l&#39;ssl&#39;SllS</span> 
     </span>
    </p>
   </div>
   <div class='ocr_carea' id='block_1_4' title="bbox 392 3217 1219 3465">
    <p class='ocr_par' dir='ltr' id='par_1_5' title="bbox 392 3217 1219 3465">
     <span class='ocr_line' id='line_1_26' title="bbox 397 3217 1082 3286; baseline 0.004 -15"><span class='ocrx_word' id='word_1_200' title='bbox 397 3217 425 3271; x_wconf 83' lang='lat' dir='ltr'>Si</span> <span class='ocrx_word' id='word_1_201' title='bbox 445 3235 580 3284; x_wconf 85' lang='lat' dir='ltr'>uunquam</span> <span class='ocrx_word' id='word_1_202' title='bbox 600 3235 678 3272; x_wconf 87' lang='lat' dir='ltr'>auare</span> <span class='ocrx_word' id='word_1_203' title='bbox 698 3219 813 3286; x_wconf 90' lang='lat' dir='ltr'>pretium</span> <span class='ocrx_word' id='word_1_204' title='bbox 833 3221 917 3276; x_wconf 83' lang='lat' dir='ltr'>statui</span> <span class='ocrx_word' id='word_1_205' title='bbox 937 3221 990 3273; x_wconf 86' lang='lat' dir='ltr'>arti</span> <span class='ocrx_word' id='word_1_206' title='bbox 1008 3237 1082 3275; x_wconf 87' lang='lat' dir='ltr'>meac</span> 
     </span>
     <span class='ocr_line' id='line_1_27' title="bbox 392 3308 1219 3374; baseline 0 -14"><span class='ocrx_word' id='word_1_207' title='bbox 392 3309 428 3361; x_wconf 79' lang='lat' dir='ltr'>Et</span> <span class='ocrx_word' id='word_1_208' title='bbox 448 3325 508 3360; x_wconf 90' lang='lat' dir='ltr'>eum</span> <span class='ocrx_word' id='word_1_209' title='bbox 529 3325 588 3361; x_wconf 80' lang='lat' dir='ltr'>csse</span> <span class='ocrx_word' id='word_1_210' title='bbox 608 3314 746 3374; x_wconf 85' lang='lat' dir='ltr'>quaestum</span> <span class='ocrx_word' id='word_1_211' title='bbox 767 3309 927 3364; x_wconf 87' lang='lat' dir='ltr'>inanimum</span> <span class='ocrx_word' id='word_1_212' title='bbox 947 3308 1038 3362; x_wconf 75' lang='lat' dir='ltr'>induri</span> <span class='ocrx_word' id='word_1_213' title='bbox 1058 3325 1219 3374; x_wconf 77' lang='lat' dir='ltr'>maxumum,</span> 
     </span>
     <span class='ocr_line' id='line_1_28' title="bbox 393 3397 1023 3465; baseline 0.003 -15"><span class='ocrx_word' id='word_1_214' title='bbox 393 3397 479 3465; x_wconf 80' lang='lat' dir='ltr'>Quruu</span> <span class='ocrx_word' id='word_1_215' title='bbox 500 3417 622 3454; x_wconf 83' lang='lat' dir='ltr'>nraxumo</span> <span class='ocrx_word' id='word_1_216' title='bbox 642 3398 743 3454; x_wconf 84' lang='lat' dir='ltr'>seruire</span> <span class='ocrx_word' id='word_1_217' title='bbox 762 3397 861 3452; x_wconf 84' lang='lat' dir='ltr'>uostris</span> <span class='ocrx_word' id='word_1_218' title='bbox 881 3397 1023 3452; x_wconf 87' lang='lat' dir='ltr'>commodis</span> 
     </span>
    </p>
   </div>
   <div class='ocr_carea' id='block_1_5' title="bbox 231 3509 1356 3902">
    <p class='ocr_par' dir='ltr' id='par_1_6' title="bbox 231 3509 1356 3798">
     <span class='ocr_line' id='line_1_29' title="bbox 231 3509 1356 3585; baseline -0.003 -17"><span class='ocrx_word' id='word_1_219' title='bbox 231 3512 260 3568; x_wconf 89' lang='lat' dir='ltr'>iu</span> <span class='ocrx_word' id='word_1_220' title='bbox 294 3517 419 3582; x_wconf 84' lang='lat' dir='ltr'>utroque</span> <span class='ocrx_word' id='word_1_221' title='bbox 454 3511 576 3585; x_wconf 89' lang='lat' dir='ltr'>prologo</span> <span class='ocrx_word' id='word_1_222' title='bbox 611 3529 628 3568; x_wconf 88' lang='lat' dir='ltr'>a</span> <span class='ocrx_word' id='word_1_223' title='bbox 661 3511 808 3582; x_wconf 84' lang='lat' dir='ltr'>plerisque</span> <span class='ocrx_word' id='word_1_224' title='bbox 841 3510 924 3567; x_wconf 87' lang='lat' dir='ltr'>libris</span> <span class='ocrx_word' id='word_1_225' title='bbox 954 3509 1138 3566; x_wconf 84' lang='lat' dir='ltr'>exhibentur.</span> <span class='ocrx_word' id='word_1_226' title='bbox 1194 3509 1356 3567; x_wconf 80' lang='lat' dir='ltr'>Bembiuus</span> 
     </span>
     <span class='ocr_line' id='line_1_30' title="bbox 231 3616 1356 3688; baseline 0.001 -16"><span class='ocrx_word' id='word_1_227' title='bbox 231 3617 304 3675; x_wconf 88' lang='lat' dir='ltr'>miro</span> <span class='ocrx_word' id='word_1_228' title='bbox 328 3636 364 3674; x_wconf 85' lang='lat' dir='ltr'>ex</span> <span class='ocrx_word' id='word_1_229' title='bbox 388 3617 484 3675; x_wconf 88' lang='lat' dir='ltr'>tribus</span> <span class='ocrx_word' id='word_1_230' title='bbox 507 3619 568 3676; x_wconf 88' lang='lat' dir='ltr'>illis</span> <span class='ocrx_word' id='word_1_231' title='bbox 596 3617 732 3675; x_wconf 81' lang='lat' dir='ltr'>versibus</span> <span class='ocrx_word' id='word_1_232' title='bbox 761 3634 850 3673; x_wconf 89' lang='lat' dir='ltr'>unum</span> <span class='ocrx_word' id='word_1_233' title='bbox 878 3616 1000 3674; x_wconf 83' lang='lat' dir='ltr'>tertium</span> <span class='ocrx_word' id='word_1_234' title='bbox 1028 3616 1058 3672; x_wconf 93' lang='lat' dir='ltr'>in</span> <span class='ocrx_word' id='word_1_235' title='bbox 1086 3618 1209 3688; x_wconf 88' lang='lat' dir='ltr'>prologo</span> <span class='ocrx_word' id='word_1_236' title='bbox 1233 3617 1356 3685; x_wconf 83' lang='lat' dir='ltr'>Heaut,</span> 
     </span>
     <span class='ocr_line' id='line_1_31' title="bbox 232 3724 901 3798; baseline -0.004 -16"><span class='ocrx_word' id='word_1_237' title='bbox 232 3742 332 3782; x_wconf 87' lang='lat' dir='ltr'>omnes</span> <span class='ocrx_word' id='word_1_238' title='bbox 356 3731 419 3782; x_wconf 86' lang='lat' dir='ltr'>tres</span> <span class='ocrx_word' id='word_1_239' title='bbox 443 3726 474 3782; x_wconf 90' lang='lat' dir='ltr'>iu</span> <span class='ocrx_word' id='word_1_240' title='bbox 497 3725 618 3798; x_wconf 89' lang='lat' dir='ltr'>prologo</span> <span class='ocrx_word' id='word_1_241' title='bbox 641 3726 779 3796; x_wconf 68' lang='lat' dir='ltr'>Hecyrae</span> <span class='ocrx_word' id='word_1_242' title='bbox 801 3724 901 3780; x_wconf 88' lang='lat' dir='ltr'>habet.</span> 
     </span>
    </p>

    <p class='ocr_par' dir='ltr' id='par_1_7' title="bbox 320 3829 1285 3902">
     <span class='ocr_line' id='line_1_32' title="bbox 320 3829 1285 3902; baseline -0.004 -13"><span class='ocrx_word' id='word_1_243' title='bbox 320 3833 431 3890; x_wconf 84' lang='lat' dir='ltr'>Restat</span> <span class='ocrx_word' id='word_1_244' title='bbox 454 3838 488 3889; x_wconf 89' lang='lat' dir='ltr'>ut</span> <span class='ocrx_word' id='word_1_245' title='bbox 512 3833 604 3889; x_wconf 91' lang='lat' dir='ltr'>dicam</span> <span class='ocrx_word' id='word_1_246' title='bbox 630 3833 665 3889; x_wconf 91' lang='lat' dir='ltr'>de</span> <span class='ocrx_word' id='word_1_247' title='bbox 690 3829 825 3888; x_wconf 83' lang='lat' dir='ltr'>versibus</span> <span class='ocrx_word' id='word_1_248' title='bbox 851 3834 888 3886; x_wconf 84' lang='lat'>51</span> <span class='ocrx_word' id='word_1_249' title='bbox 916 3835 947 3888; x_wconf 89' lang='lat' dir='ltr'>et</span> <span class='ocrx_word' id='word_1_250' title='bbox 972 3833 1011 3887; x_wconf 86' lang='lat'>52</span> <span class='ocrx_word' id='word_1_251' title='bbox 1036 3830 1151 3902; x_wconf 89' lang='lat' dir='ltr'>prologi</span> <span class='ocrx_word' id='word_1_252' title='bbox 1174 3830 1285 3886; x_wconf 82' lang='lat' dir='ltr'>Heaut.</span> 
     </span>
    </p>
   </div>
   <div class='ocr_carea' id='block_1_6' title="bbox 233 4039 1359 4200">
    <p class='ocr_par' dir='ltr' id='par_1_8' title="bbox 233 4039 1359 4200">
     <span class='ocr_line' id='line_1_33' title="bbox 323 4039 1359 4108; baseline -0.002 -14"><span class='ocrx_word' id='word_1_253' title='bbox 323 4041 355 4108; x_wconf 65' lang='lat'>¹¹)</span> <span class='ocrx_word' id='word_1_254' title='bbox 375 4041 477 4096; x_wconf 83' lang='lat' dir='ltr'>Eodem</span> <span class='ocrx_word' id='word_1_255' title='bbox 495 4042 572 4096; x_wconf 83' lang='lat' dir='ltr'>ruodo</span> <span class='ocrx_word' id='word_1_256' title='bbox 592 4042 724 4096; x_wconf 78' lang='lat' dir='ltr'>Dziatziro</span> <span class='ocrx_word' id='word_1_257' title='bbox 744 4041 770 4095; x_wconf 89' lang='lat' dir='ltr'>iu</span> <span class='ocrx_word' id='word_1_258' title='bbox 790 4039 905 4095; x_wconf 85' lang='lat' dir='ltr'>editione</span> <span class='ocrx_word' id='word_1_259' title='bbox 924 4058 949 4108; x_wconf 92' lang='lat' dir='ltr'>p.</span> <span class='ocrx_word' id='word_1_260' title='bbox 963 4041 1087 4094; x_wconf 77' lang='lat' dir='ltr'>XXXIV</span> <span class='ocrx_word' id='word_1_261' title='bbox 1109 4039 1220 4093; x_wconf 80' lang='lat' dir='ltr'>iudicat:</span> <span class='ocrx_word' id='word_1_262' title='bbox 1236 4039 1359 4105; x_wconf 83' lang='lat' dir='ltr'>„ridetur</span> 
     </span>
     <span class='ocr_line' id='line_1_34' title="bbox 233 4127 1359 4200; baseline -0.004 -17"><span class='ocrx_word' id='word_1_263' title='bbox 233 4130 322 4198; x_wconf 90' lang='lat' dir='ltr'>potius</span> <span class='ocrx_word' id='word_1_264' title='bbox 341 4135 422 4200; x_wconf 86' lang='lat' dir='ltr'>poeta</span> <span class='ocrx_word' id='word_1_265' title='bbox 441 4132 561 4186; x_wconf 86' lang='lat' dir='ltr'>consulto</span> <span class='ocrx_word' id='word_1_266' title='bbox 582 4149 630 4185; x_wconf 90' lang='lat' dir='ltr'>sua</span> <span class='ocrx_word' id='word_1_267' title='bbox 649 4130 732 4199; x_wconf 91' lang='lat' dir='ltr'>ipsius</span> <span class='ocrx_word' id='word_1_268' title='bbox 752 4127 968 4199; x_wconf 79' lang='lat' dir='ltr'>personamagis</span> <span class='ocrx_word' id='word_1_269' title='bbox 987 4135 1090 4182; x_wconf 89' lang='lat' dir='ltr'>remota</span> <span class='ocrx_word' id='word_1_270' title='bbox 1114 4133 1142 4182; x_wconf 91' lang='lat' dir='ltr'>et</span> <span class='ocrx_word' id='word_1_271' title='bbox 1169 4127 1244 4195; x_wconf 86' lang='lat' dir='ltr'>quasi</span> <span class='ocrx_word' id='word_1_272' title='bbox 1268 4127 1359 4182; x_wconf 89' lang='lat' dir='ltr'>abdita</span> 
     </span>
    </p>
   </div>
   <div class='ocr_carea' id='block_1_7' title="bbox 234 4216 1178 4359">
    <p class='ocr_par' dir='ltr' id='par_1_9' title="bbox 234 4216 1178 4359">
     <span class='ocr_line' id='line_1_35' title="bbox 234 4216 1115 4288; baseline -0.001 -16"><span class='ocrx_word' id='word_1_273' title='bbox 234 4238 266 4273; x_wconf 80' lang='lat' dir='ltr'>cx</span> <span class='ocrx_word' id='word_1_274' title='bbox 286 4218 394 4274; x_wconf 73' lang='lat' dir='ltr'>Anibiri</span> <span class='ocrx_word' id='word_1_275' title='bbox 414 4235 525 4288; x_wconf 88' lang='lat' dir='ltr'>persona</span> <span class='ocrx_word' id='word_1_276' title='bbox 547 4219 661 4274; x_wconf 85' lang='lat' dir='ltr'>subulam</span> <span class='ocrx_word' id='word_1_277' title='bbox 682 4219 753 4273; x_wconf 86' lang='lat' dir='ltr'>illam</span> <span class='ocrx_word' id='word_1_278' title='bbox 773 4217 955 4272; x_wconf 80' lang='lat' dir='ltr'>romruendare</span> <span class='ocrx_word' id='word_1_279' title='bbox 974 4216 1115 4272; x_wconf 65' lang='grc' dir='ltr'>1011111εο.ιι</span> 
     </span>
     <span class='ocr_line' id='line_1_36' title="bbox 1146 4304 1178 4359; baseline 0 -25"><span class='ocrx_word' id='word_1_280' title='bbox 1146 4304 1178 4359; x_wconf 72' lang='lat'>2*</span> 
     </span>
    </p>
   </div>
   <div class='ocr_carea' id='block_1_8' title="bbox 0 0 1676 5016">
    <p class='ocr_par' dir='ltr' id='par_1_10' title="bbox 0 0 1676 5016">
     <span class='ocr_line' id='line_1_37' title="bbox 0 0 1676 5016; baseline 0 0"><span class='ocrx_word' id='word_1_281' title='bbox 0 0 1676 5016; x_wconf 95' lang='lat' dir='ltr'> </span> 
     </span>
    </p>
   </div>
  </div>
 </body>
</html>
