3326 5016
399 613 431 679 (⁵)
451 611 538 666 Hodie
558 627 616 668 sum
636 615 746 664 acturus
763 610 890 664 Heauton
909 609 1112 674 timorumenon,

402 699 434 769 (⁶)
453 701 561 768 Duplex
580 717 649 768 quae
668 717 701 754 ex
721 703 878 767 argumento
898 696 970 752 facta
990 704 1032 753 est
1051 697 1172 767 simplici.

237 816 354 873 Versus
372 817 391 871 6
412 814 444 870 in
468 813 544 870 libro
560 811 703 869 Bembino
725 828 742 870 a
762 812 859 882 prima
874 827 962 868 manu
985 811 1029 868 sio
1051 812 1180 883 scriptus
1198 817 1279 869 erat:

400 932 507 1000 Duplex
527 949 594 1000 quae
614 949 647 985 en
666 936 823 1000 argumento
843 931 916 986 facto
935 937 978 985 est
996 930 1100 1000 duplici.

243 1045 392 1117 „duplici“
418 1048 525 1116 postea
548 1044 578 1101 in
607 1042 771 1115 „simpliei“
790 1047 937 1100 mutatum
961 1045 1016 1112 cst,
1042 1043 1118 1113 quod
1143 1044 1234 1100 ceteri
1258 1061 1372 1116 quoque

239 1154 308 1211 libri
337 1152 457 1210 habent.
506 1151 570 1208 Iam
601 1151 627 1207 si
652 1150 743 1208 addes
768 1149 987 1207 emendationes
1010 1151 1140 1207 virorum
1165 1150 1316 1209 doctorum
1340 1151 1371 1208 in

241 1259 420 1318 editionibus
450 1263 503 1316 aut
531 1258 602 1316 alibi
625 1257 776 1329 prolatas,
809 1273 928 1314 versum
953 1259 987 1325 6,
1013 1273 1128 1328 quoquo
1151 1257 1237 1314 modo
1259 1255 1371 1316 variari

240 1371 351 1440 potest,
375 1366 524 1424 variatum
546 1365 691 1423 invenies.
738 1363 851 1421 Variae
874 1380 980 1421 versus
1004 1364 1115 1421 formae
1140 1368 1210 1422 sunt
1233 1365 1302 1423 hae:

241 1486 348 1554 Duplex
368 1503 434 1554 quae
454 1493 663 1555 extergentem
688 1483 760 1538 sacta
785 1487 827 1538 cst
847 1461 944 1552 duplici
967 1483 1049 1552 (prior
1068 1502 1162 1538 manus
1182 1485 1209 1538 in
1221 1483 1372 1545 Bembino).

241 1575 350 1642 Duplex
394 1615 802 1628 ..........
840 1572 953 1640 simplici
981 1569 1113 1641 (plerique
1140 1572 1214 1638 libri:
1248 1591 1314 1628 corr.
1344 1571 1371 1628 in

317 1693 321 1700 -
1148 1659 1299 1732 Bembino).

242 1733 360 1804 Simplex
390 1773 796 1790 ..........
836 1732 933 1802 duplici
965 1730 1136 1802 (Bentleius).

242 1821 360 1892 Simplex
390 1867 394 1877 .
434 1865 440 1876 .
478 1863 484 1876 .
524 1866 529 1877 .
567 1863 573 1875 .
612 1863 619 1876 .
657 1865 662 1873 .
702 1864 707 1875 .
746 1866 751 1876 .
791 1866 796 1876 .
835 1821 948 1892 simplici
974 1821 1102 1892 (Lessing
1119 1822 1190 1888 VH,
1222 1840 1281 1892 pag.
1311 1827 1372 1888 365,

1168 1909 1300 1982 Lachm.)

331 2005 380 2063 Ex
408 2005 514 2077 quibus
542 2023 648 2064 versus
676 2006 780 2063 formis
809 2022 984 2077 quamquem
1011 2006 1138 2063 maxime
1168 2006 1263 2064 altera
1292 2005 1373 2075 „Du-

242 2113 330 2184 plex.
351 2160 357 2170 .
378 2113 544 2186 .simplici“
575 2114 716 2171 librorum
746 2113 926 2171 auctoritate
951 2113 1179 2181 commendatur,
1205 2117 1314 2182 tamen,
1339 2118 1373 2169 ut

242 2221 300 2278 toti
328 2220 392 2277 loco
416 2220 467 2277 lux
491 2220 646 2289 afferatur,
678 2221 712 2276 dc
742 2220 876 2277 omnibus
900 2225 1041 2290 quattuor
1065 2219 1289 2292 disceptandum
1307 2236 1372 2276 esse

245 2326 382 2385 arbitror.
467 2353 470 2358 ·
1202 2301 1204 2305 Ι

355 2434 404 2491 Αθ
432 2433 557 2505 primum
586 2434 621 2490 de
650 2435 744 2490 forma
767 2433 968 2506 Lessingiena
1001 2434 1105 2490 dicam.
1153 2433 1286 2506 Lessing
1307 2451 1373 2490 ver·

246 2556 310 2596 sum
335 2539 379 2597 sic
402 2539 633 2612 interpretatur:
661 2539 721 2611 „So
746 2540 877 2609 einfach,
903 2541 964 2598 will
984 2543 1096 2598 Terenz
1122 2557 1223 2614 sagon,
1250 2541 1294 2598 als
1319 2541 1373 2598 das

245 2644 341 2704 Stllck
365 2647 416 2704 des
439 2647 602 2706 Menander
624 2649 675 2717 ist,
701 2647 809 2705 ebenso
838 2647 955 2706 eint'ach
984 2648 1027 2705 ist
1058 2649 1133 2705 euch
1161 2649 1239 2705 mein
1263 2647 1371 2714 Senem

244 2754 292 2811 ich
321 2752 399 2810 habe
433 2755 580 2812 duroheus
608 2755 709 2813 nichts
739 2772 793 2812 aus
823 2757 950 2812 anderen
979 2754 1111 2813 Stilchen
1140 2755 1371 2828 eingeschaltet:

245 2879 277 2919 es
301 2861 352 2931 ist,
379 2878 413 2919 so
436 2862 507 2936 lang
531 2878 563 2919 cs
586 2861 638 2931 ist,
665 2879 718 2919 aus
743 2862 808 2919 dem
831 2862 1037 2935 griechischen
1054 2859 1168 2920 Stilcke
1189 2879 1371 2935 genommen,

245 2969 303 3026 und
334 2968 597 3041 dasgriechische
626 2968 721 3027 Stilck
750 2970 792 3026 ist
814 2985 891 3042 ganz
915 2969 946 3026 in
975 2969 1098 3026 meinent
1127 2967 1371 3027 Latcinischen.“

244 3076 326 3134 Huic
348 3075 590 3146 interpretationi
613 3076 740 3133 maxime
763 3092 792 3132 v.
818 3080 838 3132 4
866 3075 933 3145 ,Ex
956 3076 1075 3148 integra
1092 3074 1208 3133 Graeca
1226 3075 1373 3149 integram

247 3182 444 3241 comoediam
464 3181 574 3250 obstat,
600 3183 650 3252 qui
665 3182 721 3239 hoc
746 3182 803 3240 sibi
825 3183 907 3240 vult:
938 3183 1004 3252 „Ex
1029 3181 1153 3252 Graeca,
1185 3182 1268 3240 cuius
1299 3183 1373 3240 nihil

248 3290 340 3359 deest,
365 3289 495 3346 fabulam
507 3288 660 3358 Latinam,
691 3289 738 3346 oui
760 3288 835 3347 nihil
859 3289 992 3349 additum
1017 3295 1073 3358 est,
1091 3293 1212 3346 aeturus
1243 3283 1373 3370 sum.“3)

336 3463 359 3528 ³)
378 3462 481 3520 Eodem
500 3463 577 3517 modo
596 3463 730 3517 Dziatzko
750 3462 837 3531 (Dies.
856 3462 959 3533 inaug.)
979 3463 1071 3518 vocem
1091 3463 1229 3532 „integra“
1243 3463 1373 3532 intorpre-

246 3557 329 3617 tatur,
353 3551 377 3606 ei
407 3552 541 3607 notionem
567 3552 659 3618 „cuius
682 3552 748 3607 nihil
777 3553 870 3607 deest“
894 3552 910 3607 i.
936 3571 957 3607 o.
984 3551 1183 3622 „r'ollstbndig“
1211 3552 1372 3607 adiudicans.

246 3641 340 3708 Neque
364 3658 428 3695 vero
451 3640 509 3695 viro
534 3641 689 3696 doctissimo
720 3641 853 3696 assentior
881 3642 966 3696 totius
993 3659 1088 3696 remus
1118 3642 1278 3697 sententiam
1307 3642 1375 3696 hanc

248 3729 391 3785 statuenti:
413 3749 462 3796 „ex
481 3748 579 3800 graeca
597 3731 696 3795 fabula,
716 3730 790 3785 cuius
809 3748 886 3784 nomo
911 3731 1052 3798 quidquam
1077 3731 1231 3800 praeripuit,
1256 3730 1374 3795 latinam,

249 3817 290 3871 cui
317 3836 369 3873 non
399 3819 518 3887 oportuit
537 3819 679 3886 quidquam
699 3819 786 3873 addi.“
824 3820 868 3874 Ito
887 3819 956 3874 enim
980 3820 1039 3873 roci
1059 3820 1200 3890 ‚,integra“
1225 3819 1277 3874 alia
1300 3819 1374 3873 notio

248 3906 355 3973 inditur,
375 3925 451 3976 quae,
476 3925 634 3975 quamquam
659 3909 728 3978 apud
749 3908 904 3963 Terentium
927 3925 980 3962 non
1005 3908 1120 3974 insolita,
1145 3915 1235 3963 tarnen
1259 3913 1376 3962 versut

247 3995 337 4065 potius
357 3997 506 4052 omittenda
526 4014 605 4064 quam
623 3996 818 4051 commiscenda
837 4003 887 4052 est.
925 3997 957 4050 ln
976 4003 1035 4050 toto
1055 3997 1125 4051 enim
1144 3997 1254 4066 prologo
1275 3997 1373 4051 Heaut.

247 4086 334 4140 nullus
364 4103 466 4150 versus
490 4086 592 4140 nullum
616 4088 727 4140 verbum
751 4092 801 4152 est,
826 4104 859 4141 ex
883 4104 933 4153 quo
958 4086 1077 4141 concludi
1101 4087 1187 4155 possit
1209 4085 1375 4142 adversarios

248 4173 375 4229 Terentio
395 4174 499 4229 crimini
519 4175 632 4239 dedisse,
652 4175 721 4242 quod
741 4175 829 4230 fabula
849 4175 961 4240 Graeca,
990 4193 1057 4242 (puae
1076 4177 1129 4229 iam
1148 4178 1180 4230 ab
1205 4175 1263 4230 aliis
1288 4175 1374 4244 poetis
