3326 5016
273 1392 305 1485 i.
333 1391 387 1485 lle
416 1391 577 1515 prologi
605 1387 1096 1485 Heautontimorumeno
1124 1385 1312 1510 genuino

718 1529 866 1625 forma.

329 1787 476 1925 Prologus
501 1853 840 1910 Heautontimorumenu
865 1853 909 1909 sic
932 1851 1052 1922 incipit:

226 1972 282 2044 (ed.
293 1972 471 2042 Fleckeisen.)
495 1973 598 2040 Nequoi
620 1971 656 2027 sit
674 1977 796 2028 nostrum
815 1972 919 2037 mirum,
940 1987 1005 2038 quor
1023 1969 1108 2038 partis
1128 1968 1184 2022 seni

496 2063 583 2116 Poeta
609 2061 721 2126 dederit,
742 2079 809 2129 quae
829 2067 892 2116 sunt
909 2057 1132 2114 adulescentium:

497 2152 529 2204 Id
548 2150 662 2219 primum
682 2151 775 2216 dicam,
796 2149 890 2205 deinde
909 2150 979 2218 quod
998 2150 1060 2203 ueni
1080 2148 1195 2215 eloquor.

318 2265 377 2320 His
401 2264 497 2320 tribus
520 2263 673 2332 versibus
699 2279 785 2334 quem
809 2262 940 2319 ordinem
965 2264 1048 2318 esset
1072 2264 1239 2328 secuturae,
1269 2264 1359 2332 poeta

229 2369 403 2441 planissime
428 2369 568 2426 ostendit.
617 2369 720 2438 Neque
743 2373 844 2426 tamen
868 2370 938 2426 ordo
962 2369 1012 2425 ille
1029 2369 1059 2424 in
1075 2367 1197 2439 prologo
1221 2371 1359 2424 servatus

229 2480 294 2535 est:
331 2492 399 2532 nam
427 2475 552 2546 primum
583 2476 617 2532 de
651 2475 752 2532 fabula
781 2476 943 2543 edocemur,
980 2475 1094 2544 deinde,
1124 2491 1176 2530 cur
1200 2473 1359 2532 Ambivius

231 2583 348 2655 prologi
371 2587 473 2654 partes
509 2582 683 2652 susceperit,
719 2582 885 2653 exponitur.
932 2583 1129 2640 Perturbatus
1166 2583 1236 2639 ordo
1271 2580 1360 2638 facile

229 2689 401 2762 corrigitur,
437 2689 590 2746 dummodo
619 2705 725 2746 versus
749 2689 866 2762 prologi
895 2688 939 2746 ita
966 2689 1171 2760 disponantur,
1201 2693 1235 2747 ut
1264 2688 1360 2746 ordini

231 2814 260 2854 v.
287 2798 306 2852 3
331 2796 484 2869 preposito
508 2796 716 2867 respondeant.
765 2794 825 2854 Sed
847 2795 906 2853 viri
931 2797 1010 2854 docti
1032 2797 1163 2867 plerique
1180 2797 1293 2854 medela
1309 2796 1362 2853 illa

230 2921 289 2960 non
317 2903 413 2960 minus
447 2901 574 2974 simplici
603 2920 691 2972 quam
724 2903 895 2960 necessaria
929 2907 1031 2974 spreta
1065 2903 1246 2960 multimodis
1276 2921 1359 2974 quem

231 3010 301 3068 libri
330 3009 473 3067 exhibent
501 3009 630 3066 ordinem
665 3010 743 3066 tucri
776 3009 875 3090 conati
910 3014 989 3066 sunt.
1038 3009 1083 3066 De
1118 3011 1234 3067 illorum
1268 3011 1360 3070 variis

231 3117 391 3175 sententiis
417 3117 563 3174 disserere
587 3117 765 3188 supersedeo
775 3110 809 3196 1),
835 3116 961 3174 maxime
984 3117 1053 3186 quia
1082 3135 1135 3188 pro
1164 3122 1244 3174 certo
1267 3117 1361 3174 habeo

325 3323 346 3392 ¹)
366 3326 408 3380 De
436 3324 473 3380 cis
502 3324 616 3380 dilucide
644 3325 771 3380 disseruit
799 3325 829 3380 O.
849 3325 983 3380 Daiatzko
1013 3322 1067 3394 (De
1086 3325 1203 3395 prologis
1223 3326 1313 3380 Plaut.
1335 3330 1363 3379 et

232 3415 341 3470 Terent.
359 3415 527 3482 quaestiones
548 3416 663 3470 selectae
677 3419 745 3469 1863
766 3415 828 3470 diss.
849 3413 961 3484 inaug).
1000 3413 1041 3470 Of.
1062 3415 1142 3470 etiarn
1157 3415 1229 3470 Guil.
1242 3415 1363 3484 Wagner

233 3500 336 3573 (Fleok.
367 3521 426 3557 ann.
458 3507 542 3569 1865,
571 3521 597 3571 p.
624 3507 676 3557 279
704 3501 782 3572 sqq).
826 3503 934 3559 Bentlei
961 3503 1123 3560 sententiam
1151 3523 1167 3558 a
1193 3504 1361 3558 Dziatzkoue
1420 3551 1422 3554 .

233 3593 381 3647 refutatam
409 3600 500 3647 temen
529 3591 562 3646 Ο.
588 3593 711 3646 Amdohr
728 3587 820 3657 (Prol.
845 3594 911 3648 Hec.
932 3594 1039 3648 Terent.
1069 3611 1181 3662 gramm.
1211 3592 1269 3647 crit.
1298 3591 1362 3646 hist.

235 3682 340 3737 ratione
358 3687 485 3751 pertraot.
506 3681 568 3736 diss.
588 3681 678 3750 inaug.
698 3699 722 3749 p.
738 3679 783 3750 12)
803 3699 896 3737 lausus
916 3684 1082 3751 amplexatus
1102 3688 1151 3737 est.
1189 3683 1265 3736 Novo
1285 3683 1363 3736 modo

236 3768 419 3836 Umpfenbaoh
437 3771 578 3840 vulgatum
606 3770 723 3824 ordinem
749 3771 890 3826 defendere
910 3770 1027 3836 studuit;
1056 3771 1095 3826 sic
1119 3771 1189 3826 enim
1214 3770 1363 3840 disputavit

235 3857 330 3925 (Annl.
349 3859 462 3920 Terent„
475 3878 499 3928 p.
522 3859 580 3927 14);
619 3860 715 3926 „Modo
742 3860 807 3915 illud
831 3865 969 3931 teneatur,
994 3879 1028 3916 ex
1045 3865 1125 3930 grata
1143 3861 1258 3928 quadam
1276 3861 1363 3930 negle-

236 3945 330 4016 gentia
348 3949 476 4004 sermonis
496 3949 642 4016 quotidiani
662 3949 776 4004 comicos
801 3949 829 4002 in
848 3949 965 4019 prologis
984 3949 1035 4004 sibi
1054 3949 1205 4013 indulsisse,
1226 3941 1267 4015 ut,
1291 3955 1362 4017 post

234 4053 315 4103 quam
333 4036 551 4105 pronuntiassent
578 4057 629 4106 quo
654 4038 745 4094 ordine
770 4038 964 4094 sententiarum
989 4039 1075 4093 oratio
1098 4056 1257 4107 processura
1282 4047 1362 4103 esset,

235 4125 316 4179 celeri
335 4131 410 4180 motu
435 4126 514 4180 animi
538 4128 641 4196 abrepti
660 4129 733 4182 iilum
758 4127 954 4184 sententiarum
972 4127 1201 4196 interrumperent
1225 4133 1253 4182 ct
1272 4127 1363 4182 ordine

236 4214 281 4268 illo
301 4216 408 4270 turbato
429 4216 546 4270 breviter
566 4215 736 4272 intericerent
761 4218 831 4284 quod
850 4216 965 4272 animum
990 4216 1145 4271 illevissetf‘
1183 4216 1267 4271 Miror
1285 4234 1363 4284 quarn

1152 4311 1165 4360 1
