3326 5016
677 405 898 458 „39-

218 581 322 648 nulliS,
348 579 379 637 ni
402 581 502 649 fallor,
534 579 652 638 indiciis
678 586 729 636 aut
754 579 952 652 argumentis
986 597 1060 650 quae
1084 580 1202 650 quidem
1227 597 1264 637 ex
1287 597 1353 652 pro-

219 689 296 762 logis
322 693 471 756 eruantur,
496 687 615 760 probari
640 692 750 758 potest,
782 690 900 744 sextum
923 686 1019 742 locum
1044 686 1200 745 defendero
1225 688 1354 744 studebo

218 797 275 852 hac
298 794 539 854 ratiocinatione:
585 807 587 810 ·

309 937 448 1010 Hecyrae
476 937 557 1008 prior
585 937 727 1010 prologus
758 937 892 992 diversus
922 954 940 992 a
964 937 1072 994 ceteris
1098 942 1157 1007 est;
1187 955 1255 994 nam
1284 945 1352 996 octo

218 1050 336 1102 tantum
359 1044 495 1101 versibus
525 1043 597 1101 nihil
622 1042 702 1100 aliud
729 1043 837 1114 populo
864 1043 1014 1100 indicatur
1042 1044 1100 1100 nisi
1128 1049 1247 1115 poetam
1276 1046 1351 1102 lucri

220 1167 312 1208 causa
334 1151 485 1222 Hecyram
509 1167 663 1222 pronora
688 1150 737 1222 agi
761 1167 848 1220 quam
871 1150 976 1207 reterri
1004 1151 1155 1209 maluisse.
1202 1151 1260 1208 Eia
1283 1168 1351 1210 con-

219 1258 371 1316 fidentiam
398 1257 480 1315 illam
503 1263 625 1329 poetae,
656 1258 786 1327 quinon
816 1257 892 1314 satis
920 1257 1059 1314 habuerit
1082 1257 1212 1315 fabulam
1234 1259 1351 1315 macula
1393 1317 1397 1328 ,

219 1359 355 1436 quadam
369 1381 522 1436 aspersam
545 1364 653 1421 iterum
677 1365 803 1432 referre,
833 1365 886 1422 sed
909 1363 1018 1420 iterum
1041 1363 1168 1421 vendere
1196 1382 1353 1436 pronora

220 1489 310 1530 ausus
335 1471 390 1542 sit3
415 1472 464 1542 qui
488 1471 598 1529 blanda
621 1472 658 1527 ad
681 1469 919 1528 benevolentiam
940 1471 1041 1542 populi
1066 1472 1244 1542 captandam
1259 1473 1349 1530 verba

220 1579 416 1648 fastidirent,
448 1578 517 1649 quin
553 1578 643 1636 etiam
668 1577 809 1635 conviciis
834 1578 883 1652 (cf.
909 1595 937 1634 r.
961 1578 1153 1649 4‘„populus
1178 1579 1349 1653 stupidus‘·)

220 1685 309 1742 bilem
326 1685 433 1757 populo
450 1702 632 1743 commovere
654 1703 712 1741 non
736 1685 777 1742 sit
792 1686 921 1742 veritus!
946 1684 995 1741 Ex
1015 1685 1062 1742 his
1080 1685 1214 1743 omnibus
1231 1693 1348 1759 poetam

220 1793 352 1850 inaudito
383 1809 523 1850 successu
555 1793 665 1850 elatum
689 1809 866 1866 cognoscas;
897 1810 951 1850 neo
978 1793 1038 1849 iam
1067 1794 1097 1850 in
1121 1793 1260 1866 Hecyrae
1283 1811 1349 1865 pro·

219 1900 287 1972 logo
312 1899 460 1967 offendaS,
492 1900 517 1956 si
541 1898 625 1957 brevi
650 1905 719 1957 ante
742 1899 918 1957 Eunuchum
942 1906 1039 1957 actam
1063 1917 1130 1958 esse
1154 1901 1346 1968 concesseris,

218 2024 305 2076 quam
333 2006 463 2064 fabulam
494 2006 645 2078 ingentem
673 2007 806 2079 plausum
842 2008 949 2079 populo
980 2007 1110 2064 movisse
1146 2011 1176 2064 et
1204 2007 1349 2064 meruisse

218 2113 345 2184 pretium
373 2116 515 2184 quantum
543 2114 653 2170 nullam
683 2120 771 2171 antea
803 2113 974 2183 cuiusquam
999 2114 1177 2171 comoediam
1204 2114 1348 2170 traditum

220 2223 276 2276 cst.
323 2219 483 2276 Enimvero
506 2225 576 2291 post
600 2226 716 2278 tantum
733 2238 903 2298 successum
926 2227 1015 2293 pocta
1038 2221 1137 2292 potuit
1152 2219 1347 2278 confidentius

220 2342 252 2382 se
275 2342 388 2397 gerere,
413 2327 512 2398 potuit
535 2345 588 2385 suo
612 2327 676 2386 iure
699 2323 790 2399 queri,
816 2329 892 2398 quod
916 2328 1041 2400 populus
1063 2327 1265 2385 funambulum
1289 2327 1346 2398 ipsi

217 2432 426 2503 praetulisset,
468 2435 567 2506 potuit
601 2435 715 2508 gestire
755 2437 862 2492 iterum
896 2453 1044 2492 nummum
1085 2436 1115 2492 in
1149 2435 1262 2492 loculos
1298 2435 1346 2490 de-

217 2538 347 2608 mittere,
372 2541 470 2610 potuit
494 2541 623 2612 gloriose
649 2543 684 2599 de
708 2559 740 2599 se
764 2543 949 2614 praedicare:
987 2565 988 2568 ¹

433 2739 508 2794 Alias
529 2741 664 2809 cognostis
684 2742 755 2797 eius:
776 2759 873 2809 quaeso
892 2743 959 2795 hanc
978 2741 1089 2796 noscite.

304 2932 416 2990 Restat
439 2937 473 2989 ut
498 2932 533 2989 de
557 2933 608 2988 illa
624 2933 758 2990 Andriae
783 2934 900 2990 actione
925 2933 1029 3002 dicam,
1048 2935 1084 2990 ad
1102 2950 1189 3005 quam
1205 2935 1347 3006 prologus

215 3039 355 3109 pertinet.
402 3039 492 3096 Hunc
517 3045 586 3098 ante
610 3041 968 3098 Heautontimorumenon
992 3041 1136 3112 scriptum
1160 3058 1227 3098 esse
1251 3058 1289 3098 ex
1313 3058 1348 3098 eo

216 3162 358 3218 apparere
374 3145 446 3203 mihi
462 3146 590 3215 videtur,
608 3149 683 3220 quod
700 3148 731 3204 in
752 3146 884 3204 Andriae
903 3148 1024 3220 prologo
1045 3165 1104 3204 vox
1126 3148 1346 3205 contaminandi

217 3254 401 3324 explanatur,
427 3257 459 3309 at
482 3253 512 3309 in
535 3254 646 3312 Heaut.
672 3255 794 3328 prologo
818 3255 862 3310 ita
886 3259 1139 3323 commemoratur,
1164 3260 1198 3311 ut
1226 3260 1345 3327 poetam

216 3363 402 3431 spectatores
426 3359 485 3415 iam
509 3359 595 3428 scire,
626 3362 695 3432 quid
718 3361 771 3417 illa
794 3377 852 3417 vox
877 3361 1071 3434 signiticaret,
1107 3360 1249 3418 confisum
1279 3379 1345 3418 esse

217 3465 354 3538 colligaS,
387 3466 515 3537 itemque
540 3465 583 3522 illi
607 3467 685 3536 boni,
712 3483 783 3537 (quos
808 3471 945 3524 auctores
970 3485 1001 3524 se
1026 3467 1133 3524 habere
1163 3472 1251 3539 poeta
1279 3485 1345 3540 pro-

215 3573 325 3641 fitetur,
350 3572 523 3630 nominatim
546 3573 737 3645 proferuntur
760 3574 790 3630 in
806 3574 939 3631 Andriae
963 3574 1094 3646 prolege,
1121 3579 1153 3630 at
1176 3575 1206 3631 in
1233 3575 1343 3632 Heaut.

216 3680 348 3752 prologo,
373 3681 457 3751 quasi
481 3681 511 3738 id
535 3697 592 3738 non
608 3679 667 3737 iam
685 3685 766 3738 esset
781 3697 913 3748 necesse,
931 3698 987 3737 non
1004 3682 1200 3738 nominantur.
1234 3681 1345 3754 Quodsi

218 3790 252 3845 de
277 3790 415 3846 continuo
439 3788 540 3844 ordine
570 3787 734 3844 fabularum
764 3788 910 3858 Hecyrae,
940 3788 1062 3856 Heaut.,
1092 3788 1279 3846 Phormionis
1311 3807 1344 3846 ar

218 3896 253 3952 de
283 3895 438 3966 Adelphon
467 3897 588 3968 prologo
617 3899 698 3951 recte
728 3893 863 3962 disserui,
898 3895 1040 3966 sequitur,
1077 3899 1111 3952 ut
1139 3896 1256 3953 Andria
1280 3914 1343 3953 cum

216 4003 338 4074 prologo
362 4002 440 4058 inter
463 4001 617 4072 Adelphos
643 4007 671 4058 et
695 4002 845 4073 Hecyram
868 4001 964 4090 relata
988 4001 1038 4058 sit.
