3326 5016
369 1311 419 1408 11„
448 1309 514 1404 Ex
544 1311 726 1436 prologis
755 1311 856 1430 quid
885 1299 932 1408 de
954 1312 1101 1552 tordine
1129 1313 1379 1410 fabularum
1473 1351 1475 1355 ·

770 1480 953 1578 apparea
978 1531 987 1551 .

352 1741 354 1744 Ι
404 1660 486 1716 idem
510 1659 573 1714 l'ere
596 1658 673 1729 quud
701 1662 769 1715 ante
798 1659 851 1715 hus
882 1661 1082 1731 septendecim
1106 1678 1198 1719 atinus
1222 1661 1442 1719 Paeohelmann

315 1768 372 1842 (De
402 1766 501 1824 ordine
536 1765 656 1824 Terenti
691 1765 857 1824 fabularum
891 1767 1078 1840 potissimum
1113 1769 1244 1842 prologis
1285 1768 1437 1826 adhibitis

313 1875 396 1933 Diss.
422 1873 509 1931 Halis
530 1872 627 1946 1875)
651 1872 805 1943 tractavit,
830 1875 1017 1933 tractandum
1040 1874 1112 1933 mihi
1135 1875 1283 1947 proposui,
1314 1875 1442 1932 maxime

314 1981 390 2053 quud
413 1979 513 2052 magni
541 1979 688 2036 interesse
717 1980 866 2051 explorari
898 1981 1115 2053 existimabam,
1147 1982 1203 2040 suli
1227 1983 1342 2056 prologi
1365 1998 1441 2053 quae

314 2088 422 2145 indicia
446 2087 481 2144 de
505 2087 605 2144 ordine
636 2087 802 2144 fabularum
826 2088 1007 2146 exhiberent.
1055 2089 1246 2147 Testimoniis
1263 2089 1356 2162 igitur
1372 2106 1439 2161 pru·

313 2195 456 2269 Iugerum,
475 2193 712 2262 didascaliarum
729 2194 851 2263 Donati,
870 2195 900 2252 id
916 2197 992 2266 quud
1008 2197 1263 2253 Paeukelmanuus
1280 2196 1362 2264 seuit,
1380 2212 1441 2254 non

313 2301 478 2374 promiscue
502 2306 579 2369 utar,
611 2302 663 2358 sed
691 2301 735 2359 ita
757 2301 788 2358 in
816 2302 872 2359 hae
895 2303 1069 2374 quaestione
1092 2302 1245 2372 versabor,
1271 2303 1356 2374 quasi
1380 2303 1440 2359 alia

313 2427 348 2467 ac
371 2408 558 2482 prologurum
582 2407 753 2465 testimonia
775 2426 833 2466 nun
858 2414 1021 2468 exstarent.

402 2535 503 2604 Atque
527 2531 667 2590 ordienda
690 2536 737 2596 est
757 2534 891 2603 quaestio
916 2550 933 2590 a
956 2534 1071 2607 prologi
1087 2534 1271 2592 Phormionis
1295 2535 1432 2592 versibus
1470 2581 1473 2585 .

315 2643 447 2698 30-34

475 2743 547 2796 Date
566 2759 680 2810 operam,
701 2743 793 2797 adeste
812 2761 895 2811 aequo
914 2743 1000 2798 animo
1019 2761 1066 2812 per
1084 2744 1228 2807 silentium,

475 2831 516 2884 Ne
535 2829 614 2884 simili
634 2835 741 2884 utamur
760 2831 874 2898 fortuna,
895 2838 975 2900 atque
993 2832 1034 2887 usi
1054 2851 1153 2896 sumus

477 2920 565 2988 Quom
583 2937 630 2988 per
649 2921 794 2974 tumultum
813 2926 905 2975 nostor
923 2939 989 2991 grex
1007 2927 1096 2976 mutus
1116 2923 1211 2988 locust,

477 3010 563 3078 Quem
581 3009 679 3064 acturis
698 3009 785 3064 uirtus
804 3011 879 3064 nubis
899 3011 1020 3064 restituit
1038 3012 1124 3066 locum

474 3099 640 3166 Bonitasque
660 3103 752 3152 uestra
771 3098 894 3153 adiutans
914 3109 993 3167 atque
1013 3101 1213 3168 aequanimitas.

315 3235 317 3238 ’
402 3229 451 3286 Ex
473 3229 520 3286 his
546 3233 669 3300 apparet
693 3233 761 3286 ante
785 3227 990 3286 Phormionem
1014 3231 1087 3287 dues
1111 3230 1228 3288 fabulas
1253 3237 1337 3289 actas
1362 3249 1440 3300 usse,

314 3354 435 3407 quarum
459 3337 582 3393 alteram
610 3353 668 3392 non
696 3339 856 3407 peractam,
889 3337 1013 3394 alteram
1035 3337 1162 3395 maxime
1192 3339 1302 3395 acturis
1326 3338 1442 3397 virtute

312 3443 451 3514 placitam
477 3460 551 3500 esse.
585 3441 633 3499 Ex
657 3443 769 3499 duabus
792 3442 840 3499 his
864 3442 990 3515 priorem
1013 3443 1162 3516 Hecyram
1186 3443 1280 3500 luisse
1304 3445 1436 3516 pluribus

314 3551 470 3607 ostendere
493 3566 551 3607 nun
575 3554 622 3606 est
645 3566 732 3620 upus3
773 3566 846 3621 quae
874 3549 1023 3621 posterior
1045 3550 1144 3620 fuerit,
1169 3550 1228 3608 iam
1246 3568 1436 3622 quaeramus

312 3659 360 3714 Au
388 3657 539 3728 reputanti
568 3655 615 3713 his
646 3655 782 3713 Terentio
813 3656 961 3714 fortunam
991 3655 1137 3714 scenicam
1165 3656 1258 3714 fuisse
1283 3658 1442 3716 adversam.

313 3764 445 3836 (Hecyra
473 3763 489 3819 l
519 3768 548 3821 et
577 3763 635 3837 ΙΙ),
669 3762 714 3820 bis
743 3768 841 3820 autem
871 3764 992 3837 (Heaut.
1023 3768 1054 3821 et
1082 3763 1192 3835 Hecyr.
1226 3764 1288 3838 ill)
1323 3765 1441 3839 prulugi

312 3877 413 3943 partes
430 3875 672 3942 praetermorem
691 3869 755 3926 seni
772 3870 886 3927 domino
909 3870 1021 3944 gregis,
1047 3869 1097 3941 qui
1119 3871 1243 3927 multum
1260 3873 1442 3930 auctoritate·

312 3995 347 4035 ac
368 3977 469 4051 gratia
485 3977 562 4049 apud
578 3977 715 4048 pupulum
732 3977 861 4045 valebat,
887 3977 973 4034 datas
999 3995 1075 4045 essu,
1102 3995 1137 4034 ex
1157 3979 1270 4035 duabus
1286 3979 1334 4036 his
1350 3979 1439 4036 rebus

312 4089 392 4142 certe
427 4085 505 4141 inter
541 4101 572 4139 se
608 4083 834 4141 cohaerentibus
868 4089 949 4140 reete
986 4083 1102 4142 efficere
1136 4083 1207 4141 mihi
1237 4086 1339 4143 rideor
1370 4091 1440 4156 pust

315 4191 453 4263 Hecyrae
469 4189 600 4262 'primam
617 4189 762 4248 actionem
778 4190 1133 4248 Heautontimorumenon
1157 4195 1187 4248 et
1210 4197 1278 4262 pust
1305 4193 1443 4264 Hecyrae·-
