3326 5016
748 413 947 467 ,8-

284 587 383 661 eollIgi
417 605 515 660 posse,
550 606 647 646 nonne
680 607 780 647 onmes
814 589 1170 646 Heautontimorumenon
1204 588 1413 647 Terentianam

284 695 414 753 fabulam
438 696 669 753 contaminatam
693 714 758 754 esse
790 697 982 770 colligerent?
1029 695 1084 753 (lui
1119 697 1195 754 enim
1227 697 1258 754 in
1285 701 1412 754 mentem

283 802 387 859 veniat
409 802 579 860 Terentium
614 803 831 860 contaminatas
854 802 972 860 fabulas
996 806 1059 860 tam
1084 803 1194 860 acriter
1221 804 1251 860 in
1279 803 1414 862 inconta-

284 908 415 966 minatae
439 910 557 968 fabulae
579 911 702 984 prologo
727 910 915 968 defendisse?

373 1015 432 1073 Sed
445 1015 514 1087 quid
526 1017 556 1074 in
568 1017 690 1091 prologo
703 1018 867 1086 haeremus,
882 1033 970 1088 quum
982 1018 1078 1090 ipsam
1090 1018 1219 1076 fabulam
1232 1019 1414 1076 habeamus?

283 1124 369 1180 Haec
392 1123 419 1180 si
442 1141 474 1180 re
497 1141 569 1181 vera
593 1123 794 1182 contaminata
818 1128 873 1192 est,
904 1125 1009 1181 mirum
1032 1125 1063 1182 ni
1086 1123 1150 1182 fieri
1173 1130 1284 1197 potest,
1313 1108 1356 1195 ut,
1387 1126 1413 1182 si

283 1247 341 1287 non
380 1231 515 1303 singulae
553 1236 656 1302 partes
695 1231 915 1288 contaminatae
953 1231 1106 1290 subtiliter
1144 1233 1340 1305 seiungantur
1378 1250 1413 1290 ac

285 1338 531 1407 determinentur,
569 1343 601 1396 at
633 1343 732 1395 tamen
765 1339 896 1411 vestigia
930 1339 1191 1398 contaminationis
1223 1339 1412 1413 colligantur,

285 1445 400 1503 Indicia
416 1448 515 1501 autem
539 1445 799 1502 contaminationis
815 1445 951 1515 inveniri,
975 1445 1102 1502 maxime
1125 1447 1155 1502 in
1179 1449 1248 1503 actu
1273 1447 1411 1516 secundo,

284 1551 362 1608 infra
384 1569 413 1624 p.
440 1555 481 1608 22
501 1568 564 1622 sqq.
590 1552 753 1610 ostendam.
779 1585 821 1592 -
1296 1623 1298 1628 Ι

373 1658 443 1728 ms,
473 1675 547 1729 quac
577 1659 613 1716 de
640 1659 724 1716 vitiis
752 1658 871 1716 fabulae
901 1658 1041 1730 disserui,
1072 1660 1267 1732 probabiliter
1283 1661 1415 1719 demon-

286 1766 432 1823 stravisse
475 1766 547 1823 mihi
590 1766 693 1823 videor
729 1765 1085 1824 Heautontimorumenon
1124 1767 1332 1825 Terentianam
1376 1785 1414 1825 ex

285 1873 407 1931 duarum
431 1871 597 1930 fabularum
620 1871 801 1930 Graecarum
824 1874 1007 1945 argumentis
1030 1873 1154 1931 mixtam
1178 1891 1253 1932 esse.
1291 1874 1413 1948 Prologi

284 1980 378 2053 igitur
406 1996 512 2037 versus
537 1984 651 2048 sextus,
681 1979 731 2050 qui
755 1979 793 2036 ad
816 1980 1048 2037 contaminatam
1078 1985 1204 2053 spectat,
1229 1981 1413 2046 retinendus,

285 2091 418 2157 quartus,
444 2086 494 2157 qui
518 2086 555 2143 ad
578 2086 841 2144 incontaminatam
863 2087 1008 2158 pertinet,
1033 2089 1227 2145 removendus
1251 2082 1340 2163 esth

374 2194 445 2251 Tam
468 2194 602 2266 graviter
631 2197 730 2250 autem
758 2192 789 2248 iu
811 2209 841 2250 v.
867 2195 887 2249 4
911 2193 1083 2251 testimonio
1113 2195 1240 2252 omnium
1269 2195 1412 2253 librorum

286 2301 490 2359 confirmatum
513 2301 665 2358 consulere
689 2298 871 2368 dubitarem,
898 2298 977 2357 siin
1001 2301 1081 2358 nullo
1105 2301 1163 2358 alio
1186 2302 1309 2375 prologo
1331 2303 1413 2360 iusta

286 2409 349 2466 eius
379 2408 465 2466 sedes
493 2409 629 2482 indagari
652 2410 765 2480 posset.
813 2407 863 2465 Ad
892 2423 978 2477 quarn
1001 2406 1214 2484 inveniendam
1236 2426 1413 2482 quaeramus

284 2533 408 2574 necesse
433 2520 494 2584 est,
520 2531 594 2586 quae
618 2515 678 2573 alia
692 2513 794 2572 fabula
816 2514 887 2571 talis
912 2514 962 2583 sit,
988 2520 1022 2572 ut
1045 2515 1081 2572 ad
1107 2531 1171 2572 eam
1187 2532 1307 2574 versum
1330 2517 1413 2574 illum

536 2619 578 2672 Ex
596 2617 702 2687 integra
721 2617 825 2671 Graeca
843 2615 975 2686 integram
995 2617 1158 2673 comoediam

284 2713 433 2785 pertinere
457 2712 544 2770 facile
568 2712 730 2770 credamus,
778 2710 814 2767 ln
837 2711 914 2767 hanc
941 2713 1144 2782 quaestionem
1167 2730 1204 2770 ex
1227 2713 1414 2772 Terentianis

285 2819 405 2890 fabulis,
429 2836 517 2890 quum
533 2818 651 2877 Andria
672 2818 836 2906 Eunuchus
851 2818 1007 2890 Adelphoe
1030 2818 1203 2876 testimonio
1226 2820 1414 2894 prologorum

285 2927 504 2986 contaminatae
521 2927 591 2996 sint,
609 2895 755 2983 'Phormio
772 2930 803 2982 et
817 2925 939 2996 Hecyra
955 2942 1111 2996 earumque
1127 2926 1242 3000 prologi
1257 2932 1412 2986 vocantur.

284 3037 386 3106 Atque
409 3035 440 3092 in
468 3040 592 3104 utroque
615 3034 738 3106 prologo
761 3033 858 3101 loeus,
895 3032 945 3102 qui
968 3031 1090 3090 idoneus
1121 3049 1187 3091 esse
1215 3034 1414 3093 videaturad

284 3143 367 3199 illum
382 3157 501 3198 versum
521 3139 730 3211 recipiendum,
755 3139 920 3208 invenitur;
946 3137 976 3195 in
991 3139 1177 3198 Phormionis
1197 3141 1319 3214 prologo
1335 3142 1415 3199 inter

284 3266 312 3306 v.
331 3252 372 3306 24
391 3255 421 3307 et
438 3250 478 3306 25

393 3351 437 3418 (²⁴)
817 3349 930 3417 adporto
949 3367 1044 3403 nouam

393 3439 440 3509 (²⁵)
460 3440 700 3508 Epidicazomenon
720 3455 798 3505 quam
813 3443 912 3492 uocant
930 3439 1092 3493 comoediam

286 3571 370 3580 ..-—-—--
401 3570 500 3580 --r·—-

375 3619 398 3686 4)
420 3620 450 3674 Ο.
475 3617 636 3687 Venedigea
662 3616 707 3684 qui
730 3618 762 3671 de
786 3617 886 3671 Heaut.
906 3617 945 3672 sio
967 3616 1081 3670 iudicat:
1111 3615 1211 3682 (Fleek.
1236 3615 1322 3670 annal.
1344 3620 1414 3672 1874

286 3729 311 3778 p.
333 3708 396 3774 135)
418 3726 483 3773 „zur
501 3708 586 3762 herste
615 3724 662 3760 aus
681 3707 842 3761 Menandros
862 3712 1038 3770 entnommem
1068 3723 1116 3758 zur
1135 3705 1235 3759 andern
1254 3703 1339 3761 hallae
1362 3722 1414 3758 von

288 3800 428 3854 Terentius
452 3799 538 3853 selbst
556 3796 719 3866 gediehtet“‚
739 3800 829 3850 tamen
848 3813 956 3850 versum
975 3799 1098 3862 quartum
1118 3792 1184 3847 mire
1207 3793 1246 3849 sic
1274 3793 1414 3848 defendero

287 3893 397 3944 conatus
408 3894 463 3943 est:
477 3905 524 3953 „er
533 3887 611 3940 nahm
623 3887 675 3940 den
686 3884 751 3939 stoli
758 3902 791 3938 au
801 3884 901 3939 seinem
911 3887 989 3939 stdok
999 3884 1178 3938 unverhndcrt
1187 3900 1234 3937 aus
1244 3881 1415 3946 Menandros,

288 3979 345 4032 sein
369 3978 459 4047 cignes
483 3977 562 4031 stllck
580 3977 680 4029 konnte
700 3992 728 4029 er
747 3975 816 4028 dann
840 3973 967 4028 ebenfalls
991 3973 1041 4028 mit
1065 3978 1157 4042 gutem
1181 3973 1258 4027 recht
1281 3972 1414 4042 integram

289 4065 450 4122 comoediam
468 4083 579 4128 neuneu,
598 4065 724 4118 wahrend
743 4063 792 4117 wir
811 4061 954 4131 allerdings
974 4064 1041 4117 auch
1058 4061 1116 4116 hier
1135 4061 1193 4118 cine
1212 4062 1415 4117 contaminierte

288 4157 373 4212 arbeit
394 4153 637 4210 e1·kannthaben.“
