3326 5016
746 436 963 488 ‚12-

452 606 671 674 Quamprimum
690 624 748 660 cam
768 625 847 676 agere
866 607 948 676 coepi,
969 607 1091 676 pugilum
1110 605 1206 676 gloria,

453 695 588 750 Comitum
608 701 763 762 conuentus,
783 696 922 764 strepitus
942 698 1041 750 clamor
1059 695 1199 750 mulierum

453 786 552 840 Fecere
571 791 602 838 ut
621 791 684 840 ente
703 791 809 852 tenipus
829 786 930 840 exirem
949 786 1029 840 foras.

380 934 513 992 Interest
530 939 638 1002 autem,
664 938 764 991 utrum
781 938 897 990 actores
923 950 940 990 a
962 934 1070 1005 populo
1087 933 1219 990 fabulam
1235 930 1420 1004 improbante

292 1042 390 1098 exacti
418 1041 513 1098 locum
544 1057 628 1098 suum
652 1041 745 1098 tutari
768 1058 826 1098 non
851 1040 1003 1112 potuerint
1027 1058 1079 1110 an,
1109 1041 1178 1111 quia
1201 1040 1327 1113 populus
1351 1038 1419 1095 aliis

292 1149 380 1206 rebus
403 1148 522 1205 illectus
546 1147 648 1205 fabula
671 1164 730 1205 non
755 1149 875 1234 cognita
891 1148 1010 1206 theatro
1035 1152 1183 1219 eruperat,
1210 1152 1280 1204 ante
1303 1151 1420 1218 tempus

292 1256 372 1313 foras
397 1255 534 1312 exierint.
568 1255 614 1313 Ut
636 1255 708 1313 illud
731 1256 901 1328 plerumque
925 1271 984 1312 non
1008 1256 1072 1313 sine
1096 1256 1182 1327 culpa
1197 1260 1304 1327 poetae
1319 1253 1419 1321 fiebat,

292 1364 336 1420 ita
363 1363 419 1420 hoc
447 1362 496 1418 vel
525 1361 635 1434 optimo
659 1367 765 1434 poetae
788 1362 836 1418 vel
860 1362 1002 1434 optimam
1025 1362 1156 1419 fabulam
1180 1362 1264 1419 danti
1288 1361 1420 1419 accidere

293 1473 422 1542 poterat.
454 1469 576 1542 Hecyra
592 1473 691 1526 autem
707 1485 795 1540 quum
812 1487 869 1527 non
886 1475 1001 1539 exacta,
1021 1470 1073 1527 sed
1090 1468 1261 1527 calamitate
1278 1484 1422 1540 oppressa

293 1581 391 1648 esset,
422 1576 578 1634 Terentius
608 1576 728 1646 eiusque
754 1575 840 1633 amici
870 1593 923 1634 suo
950 1577 1014 1634 iure
1042 1593 1161 1649 sperare
1189 1579 1330 1647 poterant
1358 1574 1421 1631 fore
1445 1565 1447 1572 ’

293 1689 327 1741 ut
350 1683 460 1752 fabula,
486 1699 574 1754 quum
598 1683 706 1742 iterum
730 1689 878 1757 ageretur,
909 1687 1146 1756 cognosceretur,
1173 1682 1293 1755 cognita
1315 1681 1421 1754 proba·

293 1795 384 1848 retur.
418 1789 560 1862 Quamvis
585 1790 678 1864 igitur
702 1790 866 1848 adversarii
885 1791 1003 1848 Terenti
1027 1791 1135 1848 famam
1158 1789 1274 1847 macula
1296 1787 1422 1858 quadam

293 1913 446 1969 aspersam
474 1915 541 1954 esse
565 1897 779 1966 dictitaverint,
809 1897 884 1954 nihil
912 1898 1045 1970 profecto
1069 1901 1143 1966 erat,
1169 1897 1245 1967 quod
1270 1899 1422 1952 curatores

293 2004 427 2061 ludorum
449 2004 604 2074 timerent,
629 2021 666 2062 ne
694 2005 820 2077 populus
849 2005 885 2062 ab
909 2005 1031 2077 Hecyra
1053 2004 1181 2063 noudum
1205 2003 1325 2078 cognita
1349 2003 1422 2060 adeo

294 2111 475 2179 abhorreret,
501 2115 586 2168 utne
602 2111 722 2168 titulum
738 2111 853 2181 quidem
870 2112 971 2169 ferret.
1004 2112 1049 2188 Ut
1064 2127 1135 2168 vero
1152 2111 1314 2179 timuerint,
1333 2109 1422 2180 idque

294 2217 375 2275 iusta
392 2234 491 2286 causa,
501 2234 552 2274 cur
563 2217 683 2274 tandem
698 2221 760 2274 tam
776 2218 953 2275 invidiosam
966 2218 1095 2275 fabulam
1108 2217 1252 2291 agendam
1265 2217 1422 2274 curarent?

384 2341 514 2399 Maxime
541 2359 612 2398 vero
644 2342 792 2399 Dziatzko
823 2342 854 2400 in
883 2359 917 2399 eo
948 2359 1047 2400 errare
1077 2342 1149 2400 mihi
1177 2342 1310 2411 videtur,
1346 2342 1423 2412 quod

295 2449 433 2522 Hecyrae
449 2450 603 2520 prologum
627 2450 642 2505 Ι
666 2449 757 2506 talem
781 2467 847 2506 esse
864 2454 975 2516 censet,
1001 2465 1058 2520 quo
1075 2455 1276 2522 spectatorum
1293 2448 1422 2506 studium

295 2556 413 2613 fabulae
436 2555 535 2628 parari
560 2572 716 2626 eorumque
738 2557 841 2629 gratia
863 2557 1016 2629 impetrari
1040 2556 1181 2629 potuerit.
1229 2557 1322 2614 Totus
1347 2555 1422 2613 enirn

295 2662 435 2735 prologus
467 2661 584 2720 blandis
620 2663 719 2720 verbis
752 2679 865 2720 vacuus
899 2663 969 2720 huie
1004 2664 1170 2721 sententiae
1206 2663 1316 2720 obstat.
1377 2663 1423 2720 At

296 2769 469 2827 exciderunt
483 2786 588 2826 versus
605 2769 738 2840 quidam!
768 2768 846 2827 Sane
863 2770 908 2828 sic
924 2771 1047 2829 censent
1061 2770 1247 2838 Fleckeisen,
1264 2769 1421 2836 Dziatzko,

295 2875 438 2949 Wagner,
465 2876 516 2933 alii
539 2875 597 2933 viri
622 2877 701 2934 docti
717 2876 834 2934 Ihnium
859 2877 964 2934 secuti.
998 2875 1057 2935 Sed
1081 2877 1199 2934 etiamsi
1225 2876 1332 2934 lacuna
1355 2880 1424 2947 post

294 3002 322 3041 v.
351 2987 368 3040 'l
394 2984 554 3040 statuenda
578 2989 669 3056 esset,
693 2987 792 3040 tamen
815 2984 936 3041 habitus
958 2984 1074 3057 prologi
1097 2999 1155 3041 non
1179 2984 1304 3041 multum
1327 2986 1423 3040 muta·

296 3096 388 3148 retur.
425 3089 554 3148 Accedit
570 3091 646 3161 quod
670 3089 737 3147 Ihni
763 3091 913 3148 sententia
928 3091 1008 3148 nullo
1032 3090 1063 3148 ni
1078 3090 1167 3148 fallor
1183 3091 1258 3148 satis
1278 3089 1423 3162 probabili

296 3202 469 3271 argumento
502 3196 680 3255 defenditur.
739 3197 880 3256 Brevitas
911 3197 987 3255 enim
1018 3197 1135 3271 prologi
1164 3217 1182 3254 a
1212 3196 1423 3255 consuetudine

298 3309 403 3376 poetae
433 3304 531 3361 aliena
559 3321 617 3360 non
651 3304 857 3378 neglegentiae
885 3304 1080 3374 librariorum,
1106 3305 1159 3362 sed
1183 3304 1306 3362 consilio
1328 3304 1423 3376 ipsius

295 3416 402 3484 poetae
442 3411 542 3468 deberi
579 3411 650 3467 mihi
689 3411 815 3468 videtur.
887 3409 1031 3469 Similiter
1069 3412 1182 3469 iudicat
1216 3411 1425 3482 Umpfenbach

297 3518 398 3592 (Aual.
412 3518 553 3592 Terent),
571 3518 629 3588 qni,
648 3518 716 3588 qnid
730 3518 787 3575 sibi
803 3519 945 3592 prologus
957 3519 1039 3588 velit,
1058 3519 1102 3576 sio
1119 3519 1262 3590 explicat:
1290 3518 1423 3588 „Audire

297 3625 368 3683 mihi
391 3625 493 3683 videor
522 3625 666 3682 hominem
691 3625 812 3697 indigna
840 3626 1018 3683 contumelia
1042 3643 1134 3696 usque
1158 3626 1195 3682 ad
1219 3626 1422 3683 morositatem

298 3732 506 3790 exacerbatum
534 3737 564 3788 et
593 3732 720 3789 animum
749 3733 831 3805 vulgi
860 3736 1091 3804 contemptorem
1128 3749 1218 3805 aegre
1246 3732 1422 3791 celantem.“

297 3841 347 3898 Ab
375 3840 431 3897 hac
461 3839 611 3897 sententia
638 3840 756 3912 paulum
785 3839 903 3897 discedo
932 3840 980 3915 (de
1008 3840 1131 3914 prologo
1154 3840 1170 3896 I
1193 3840 1332 3912 Hecyrae
1355 3839 1424 3910 quid

299 3947 434 4016 sentiam,
460 3947 538 4004 infra
552 3964 581 4018 p.
601 3949 641 4004 39
658 3946 795 4019 videbis),
822 3948 874 4004 sed
898 3948 953 4004 hoe
977 3947 1135 4016 assentior,
1161 3948 1293 4004 voluisse
1319 3947 1425 4005 Teren·

299 4054 373 4110 tium
399 4053 520 4110 brevem
549 4053 701 4126 prologum
731 4053 870 4122 seribere,
900 4055 930 4111 id
961 4055 1037 4124 quod
1061 4055 1109 4111 vel
1132 4055 1200 4112 inde
1224 4054 1423 4129 cognoscitur,

299 4162 375 4232 quod
407 4160 540 4233 generali
576 4165 662 4232 parte
694 4165 814 4232 praeter
850 4161 1091 4219 consuetudinem
1121 4162 1231 4219 omissa
1262 4160 1365 4219 statim
1395 4161 1425 4217 in
