3326 5016
798 473 999 554 „2-

333 655 451 720 poetam
475 648 506 706 in
527 649 628 706 ordine
650 665 679 706 v.
699 651 718 705 3
742 647 895 721 proposito
918 649 1126 720 permansisse.
1173 651 1222 708 Ao
1243 651 1355 724 primus
1380 671 1465 724 quem

333 773 396 814 vss.
435 759 533 813 1-3
569 760 696 829 poscunt
733 756 864 814 ordinem
901 755 1049 814 Daiatzko
1088 757 1120 814 in
1154 758 1283 816 editione
1318 777 1372 817 sua
1410 761 1465 819 Te-

334 863 413 920 renti
437 862 550 936 (1884)
575 855 707 943 dedit'2);
732 866 803 934 post
824 867 891 920 63
917 863 994 920 6616
1017 880 1079 921 use.
1108 867 1237 922 11-15
1262 867 1372 938 posuit,
1397 885 1464 926 ver-

334 986 399 1027 sum
425 973 466 1027 10
502 973 610 1040 autern,
647 970 754 1042 quippe
789 986 875 1039 quem
909 986 986 1027 novo
1021 970 1115 1028 ordini
1151 970 1360 1044 impedimento
1396 991 1465 1032 esse

334 1081 484 1147 censeret,
514 1093 551 1134 ex
573 1077 697 1150 prologo
728 1076 825 1134 eiecit.
873 1079 919 1134 At
940 1094 969 1134 v.
997 1051 1045 1134 10*
1066 1078 1144 1149 apud
1167 1078 1296 1136 Nonium
1320 1079 1360 1155 (p.
1387 1084 1461 1150 278,

333 1182 388 1258 32)
411 1183 576 1253 invenitur3
615 1182 679 1240 iure
703 1182 797 1256 igitur
821 1183 975 1241 dubitatur
998 1201 1036 1240 an
1059 1183 1115 1241 hoe
1138 1184 1310 1243 testimonio
1333 1187 1463 1246 validius

331 1306 436 1347 versus
469 1290 636 1359 muniatur,
669 1307 755 1360 quam
790 1295 824 1347 ut
857 1307 980 1362 prorsus
1015 1291 1149 1348 tollatur.
1198 1291 1264 1364 Qua
1300 1293 1335 1350 de
1371 1312 1462 1353 causa

330 1397 515 1454 Rits'chelius
548 1397 657 1454 nimiae
687 1397 828 1456 audaciae
858 1413 924 1455 esse
962 1397 1046 1454 illum
1080 1415 1199 1456 versum
1233 1399 1327 1458 eicere
1364 1406 1460 1471 ratus.

332 1504 408 1575 quod
436 1503 617 1562 Dziatzlroni
650 1502 800 1575 placebat,
831 1503 1060 1576 improbaverat.
1114 1505 1236 1562 Minime
1263 1523 1346 1576 vero,
1383 1511 1460 1578 quod

331 1611 519 1670 Ritschelius
542 1610 665 1680 monuit,
692 1611 825 1681 equidem
841 1611 1056 1684 neglegendum
1080 1628 1156 1680 esse,
1182 1629 1275 1682 neque
1299 1617 1398 1671 tamen
1423 1615 1459 1671 de

329 1721 413 1776 recto
437 1718 539 1775 ordine
563 1717 777 1790 desperandum
802 1733 869 1774 esse
892 1734 1007 1775 censeo.
1056 1717 1153 1790 Quid?
1201 1718 1243 1789 si,
1268 1720 1344 1790 quod
1369 1721 1459 1778 auda-

330 1825 480 1883 cissimum
503 1825 631 1894 videtur,
656 1842 693 1882 ne
716 1824 916 1882 necessarium
939 1825 1056 1895 quidem
1080 1827 1148 1884 est?
1173 1826 1200 1883 si
1224 1831 1340 1884 tantum
1361 1828 1457 1898 abest.

329 1936 363 1990 61
385 1948 491 1990 versus
514 1931 565 1989 ille
581 1931 766 1988 restitutioni
789 1932 864 1988 recti
884 1930 995 1990 ordinis
1020 1931 1108 2002 obsit,
1135 1936 1168 1990 ut
1192 1933 1281 1991 etiam
1303 1935 1460 2006 plurimum

332 2039 370 2096 ad
394 2039 621 2097 confirmandam
649 2037 731 2094 illam
761 2038 980 2096 restitutionem
1008 2040 1128 2098 valeat?
1163 2039 1207 2097 Et
1229 2057 1314 2110 vero,
1341 2041 1461 2112 siquid

327 2146 428 2216 video,
465 2163 513 2203 res
542 2145 586 2203 ita
610 2161 643 2202 se
670 2145 775 2212 habet,
812 2143 849 2202 ad
883 2145 958 2214 quod
989 2145 1250 2204 demonstrandum
1283 2152 1459 2220 argumenta

327 2254 474 2325 proferam
514 2271 549 2310 ex
588 2251 709 2323 reliquis
748 2251 894 2325 prologis
939 2268 1011 2321 quos
1051 2269 1109 2323 qua
1143 2252 1260 2311 ratione
1297 2254 1455 2313 Terentius

331 2361 490 2430 struxerit,
516 2378 574 2418 non
598 2362 661 2419 sine
685 2363 818 2421 utilitate
840 2361 897 2419 hoo
920 2361 984 2418 loco
1009 2360 1156 2431 explicare
1179 2359 1251 2416 mihi
1274 2360 1387 2418 videor.
1413 2395 1457 2402 -

416 2469 518 2538 Atque
539 2468 688 2526 ordiamur
710 2469 746 2526 ab
762 2469 896 2527 Andriae
911 2468 1043 2542 prologo.
1093 2466 1238 2524 Versibus
1257 2469 1341 2524 1—7
1366 2469 1456 2525 male·

330 2573 419 2632 dietis
458 2575 589 2632 malivoli
624 2570 736 2633 veteris
771 2579 879 2648 poetae
913 2573 1090 2645 respondere
1126 2591 1158 2630 se
1194 2574 1260 2647 cogi
1296 2574 1454 2632 Terentius

326 2683 472 2752 queritnr;
505 2682 540 2740 de
563 2682 681 2740 Andria
707 2683 775 2754 ipsa
796 2699 887 2740 versu
911 2686 929 2739 9
963 2681 1078 2739 demum
1101 2680 1181 2750 loqui
1204 2680 1319 2752 incipit.
1366 2680 1452 2737 Inter

327 2805 356 2846 v.
385 2791 402 2844 7
429 2793 459 2846 61
482 2804 511 2845 v.
538 2793 556 2846 9
583 2792 630 2846 est
652 2789 701 2846 hie
723 2805 843 2847 versus:

486 2911 571 2992 Nunc,
591 2944 670 2993 quam
688 2944 744 2980 rem
764 2926 830 2981 uitio
851 2926 923 2991 dent,
943 2941 1040 2993 quaeso
1060 2923 1175 2978 animum
1194 2924 1335 2980 attendite.

415 3055 535 3129 Prologi
555 3055 693 3113 Eunuchi
716 3054 853 3112 versibus
880 3056 986 3110 1-19
1011 3057 1100 3124 poeta
1122 3054 1217 3110 multa
1241 3053 1277 3110 de
1302 3069 1333 3110 se
1359 3056 1389 3110 et
1415 3053 1451 3109 de

325 3162 495 3220 adversario
525 3163 617 3220 verba
645 3162 728 3230 feeit,
766 3161 878 3218 nullum
909 3162 944 3217 de
972 3159 1040 3232 ipsa
1068 3159 1169 3217 fabula
1196 3159 1350 3216 Eunucho.
1404 3158 1451 3216 De

323 3339 537 3346 ——---—

323 3461 376 3497 non
396 3442 553 3498 discreverit
570 3443 612 3498 vir
631 3441 808 3517 doctissimus
826 3459 947 3497 severam
972 3447 1001 3495 et
1019 3457 1128 3510 gravem
1148 3447 1176 3494 et
1195 3456 1292 3508 magna
1312 3437 1451 3506 diligentia

256 3539 259 3545 '
323 3533 480 3603 dispositam
505 3550 536 3586 ao
561 3531 688 3602 scriptam
713 3533 860 3586 orationem
888 3550 903 3586 a
928 3529 1023 3584 subitis
1052 3536 1081 3584 et
1107 3527 1227 3583 fortuitis
1251 3525 1365 3581 facetiis.
1407 3526 1450 3578 Ac

324 3622 414 3677 nescio
435 3641 468 3676 an
486 3640 519 3676 ne
539 3620 566 3675 in
584 3620 627 3676 his
647 3620 752 3688 quidem
771 3620 916 3674 dissolutus
936 3618 999 3673 ordo
1019 3618 1106 3686 possit
1124 3616 1251 3672 excusari.

412 3763 434 3832 2)
453 3764 534 3818 Η666
555 3763 674 3818 ordinem
701 3762 896 3817 restituendum
921 3777 979 3815 esse
1002 3760 1056 3814 iam
1081 3759 1109 3813 in
1134 3756 1322 3814 dissertatione
1342 3773 1391 3812 sua
1410 3755 1451 3810 in·

316 3854 444 3926 augurali
476 3853 519 3908 vir
551 3852 720 3907 doctissimus
744 3851 861 3916 rideret,
890 3851 937 3904 sed
960 3855 1018 3903 tum
1041 3848 1219 3902 Ritschelium
1250 3851 1358 3902 secutus
1383 3853 1449 3900 erat.

318 3947 414 4013 'Nuper
434 3943 535 4010 (rieul.
555 3942 642 3996 annal.
654 3945 732 4006 1890,
755 3958 781 4008 p.
801 3943 855 3996 290
873 3937 934 4008 sq),
959 3943 1110 4006 postquam,
1136 3938 1206 4004 quod
1224 3935 1327 4005 Kriege
1347 3933 1450 4004 (Fleck.

323 4037 480 4096 6661800,
505 4049 530 4099 p.
551 4031 595 4096 78)
615 4032 745 4095 voluerat,
770 4028 908 4093 refutavit,
936 4026 963 4081 in
986 4026 1085 4092 ordine,
1115 4044 1192 4093 quem
1218 4025 1247 4079 in
1270 4024 1386 4080 editione
1406 4023 1450 4076 de·

323 4124 415 4187 disset,
435 4139 463 4176 se
482 4121 521 4174 ita
539 4137 712 4189 perseverare
732 4117 884 4176 affirmavit.
904 4121 935 4170 ut
954 4117 1076 4170 lacunam
1096 4120 1300 4170 6616164666
1319 4111 1372 4166 iam
1391 4128 1450 4165 esse

324 4210 495 4267 statuendam
515 4215 643 4264 censeret.
