3326 5016
776 471 905 524 21-

232 646 384 718 prologum
400 646 433 703 ΙΙ
450 645 605 718 Hecyrae,
621 663 674 717 pro
698 647 740 702 eis
764 663 869 703 versus
888 650 1016 703 37---45
1040 647 1155 720 prologi
1172 647 1204 704 Π
1220 648 1358 719 Hecyrae

231 754 262 810 in
285 753 439 827 prologum
462 754 799 812 Heautontimorumeno
822 753 993 810 inserendos
1012 771 1085 824 esse,
1113 754 1236 825 denique
1253 769 1358 812 versus

232 864 271 918 51
304 865 334 918 ct
364 863 404 917 52
434 865 503 932 post
531 878 559 917 r.
594 863 633 917 15
659 861 843 918 collocandos
869 878 944 930 csse,
974 879 1051 919 nrmc
1078 867 1174 918 totum
1204 863 1356 934 prologum

231 972 321 1038 recte,
347 973 381 1025 ut
404 968 515 1040 opinor,
542 968 736 1039 compositum
760 969 802 1024 sic
828 969 881 1025 elo:

392 1087 496 1156 Nequoi
516 1087 552 1142 sit
571 1096 693 1142 uestrum
712 1088 816 1153 mirum,
836 1105 902 1156 qum·
922 1088 1006 1156 partis
1026 1089 1081 1142 scm

393 1179 480 1232 Poeta
499 1177 610 1240 dederit,
631 1195 697 1245 quae
717 1182 780 1232 sunt
799 1177 1022 1232 adulescentium:

393 1268 424 1322 ld
443 1266 556 1336 primum
576 1267 669 1332 dicam,
690 1267 784 1322 deinde
803 1267 872 1334 quod
892 1266 952 1321 ueni
973 1267 1087 1334 eloquar.

394 1357 536 1410 Oratorem
555 1374 614 1411 esse
633 1356 719 1410 uoluit
737 1374 788 1421 me,
807 1374 860 1408 non
879 1355 1031 1424 prologum:

397 1448 524 1500 Nostrum
544 1444 669 1500 iudicium
689 1445 765 1500 fecit:
786 1464 827 1500 me
847 1451 963 1499 autorem
983 1444 1064 1508 dedit,

394 1533 423 1587 Si
442 1533 485 1590 hic
504 1540 579 1588 actor
597 1539 702 1588 tantum
722 1535 822 1605 poterit
842 1553 857 1588 a
876 1533 1007 1600 facundia,

395 1624 530 1692 Quantum
552 1622 594 1678 illc
613 1623 702 1691 potuit
722 1622 841 1692 cogitare
862 1624 1005 1687 commode,

393 1712 445 1781 Qui
465 1712 611 1767 oraticnem
631 1714 699 1768 hanc
719 1713 834 1782 scripsit,
855 1730 933 1780 quam
953 1713 1072 1769 dicturus
1093 1733 1158 1768 serni.

392 1803 549 1871 Exemplum
570 1803 683 1857 statuite
704 1803 729 1856 in
750 1821 800 1867 mc,
820 1809 851 1857 ut
870 1803 1061 1858 adulescentuli

397 1891 479 1945 Vobis
498 1892 603 1960 placere
623 1891 750 1945 studeant
769 1891 857 1959 potius
878 1910 956 1959 quam
976 1892 1034 1946 sibi.

394 1981 469 2034 Nunc
488 1998 568 2049 quam
587 1981 618 2035 ob
638 1998 694 2034 rem
713 1981 760 2036 has
780 1981 864 2048 partis
884 1979 1020 2036 didicerim
1039 1982 1130 2050 paucis
1150 1983 1224 2037 dabo

394 2070 480 2125 'Hodie
500 2087 558 2124 sum
578 2075 685 2124 acturus
704 2071 830 2124 Heauton
849 2070 1059 2126 timorumcnon:

395 2160 500 2230 Duplex
520 2177 588 2227 quac
608 2177 641 2212 ex
660 2166 817 2229 argumento
837 2161 909 2215 facta
927 2166 971 2217 est
989 2160 1109 2230 simplici

394 2251 461 2304 Nam
481 2250 550 2317 quod
569 2266 689 2303 rumores
709 2249 872 2304 distulerunt
891 2250 1017 2313 maliuoli,

393 2340 493 2394 llultas
514 2339 708 2393 contaminasse
729 2339 856 2404 Graecae,
876 2341 939 2393 dum
958 2339 1022 2393 lacit

392 2430 497 2484 l³aucas
521 2427 639 2494 Latinae,
659 2428 759 2482 lactum
778 2428 805 2481 id
825 2446 883 2483 esso
902 2427 945 2482 hic
964 2446 1015 2481 nou
1034 2434 1124 2499 negat,

392 2519 484 2584 Neque
504 2535 532 2572 se
551 2517 642 2587 pigere
662 2522 690 2572 et
709 2516 803 2571 deinde
823 2516 955 2570 facturum
975 2523 1104 2572 autumat.

391 2607 482 2662 Habet
501 2609 629 2662 bonorum
649 2607 806 2676 exemplum,
826 2622 876 2673 quo
897 2609 1016 2675 exemplo
1036 2608 1086 2663 sibi

392 2696 487 2750 Licere
506 2694 534 2749 id
553 2694 640 2751 facore
659 2695 729 2764 quod
748 2694 785 2749 illi
806 2694 927 2749 lecerunt
945 2700 1031 2763 putat.

395 2785 463 2838 'lum
483 2785 551 2852 quod
570 2785 711 2841 maliuolus
731 2789 809 2838 rietus
829 2790 909 2852 poeta
928 2783 1043 2851 dictitat,

394 2873 517 2942 Repente
536 2875 569 2928 ad
588 2873 703 2928 studium
723 2876 793 2928 hunc
812 2891 840 2928 se
860 2874 1007 2943 adplieasse
1026 2875 1163 2942 musicum,

393 2963 515 3018 Amicum
535 2962 641 3033 ingenio
661 2963 767 3030 lretnm,
787 2964 857 3018 haud
877 2969 973 3017 natura
993 2981 1052 3018 sua:

392 3051 543 3106 Arbitrium
561 3059 691 3116 uestrum,
711 3058 804 3108 nostra
824 3052 995 3107 existumatio

394 3141 511 3196 Valebit.
532 3159 584 3210 qua
602 3160 631 3198 re
651 3147 741 3197 oratos
762 3160 808 3197 uos
828 3142 913 3197 onmis
933 3143 1001 3208 uolo,

392 3230 432 3283 Ne
452 3231 511 3299 plus
530 3230 647 3298 iniquom
666 3231 752 3299 possit
771 3249 850 3299 quam
869 3249 980 3299 aequom
1001 3233 1095 3286 oratio.

392 3319 485 3374 Facite
504 3319 581 3387 aequi
600 3320 673 3376 sitis:
693 3322 755 3375 date
775 3321 910 3376 crescendi
931 3320 1040 3389 copiam,

393 3409 531 3463 Nonarum
550 3409 594 3475 qui
613 3409 751 3477 spectandi
771 3409 873 3464 faciunt
893 3409 995 3480 copiam

392 3497 455 3553 Sine
474 3497 562 3552 uitiis:
583 3516 616 3553 ne
637 3497 680 3552 illc
699 3516 746 3566 pro
767 3517 795 3554 sc
815 3499 915 3554 dictum
936 3499 1087 3565 existumet,

393 3587 446 3656 Qui
465 3604 551 3656 nuper
570 3586 635 3642 fecit
653 3605 730 3642 seruc
750 3588 868 3644 currenti
888 3589 914 3642 in
934 3589 978 3642 uia

392 3678 510 3732 Decesse
530 3678 669 3746 populum:
690 3694 755 3744 quor
775 3677 866 3733 insano
886 3677 1005 3733 seruiat?

390 3768 432 3821 Dc
451 3766 522 3822 illius
541 3766 660 3835 peccatis
680 3768 756 3834 plura
776 3767 855 3834 dicet,
876 3785 953 3834 quom
974 3767 1048 3820 dabit

392 3857 467 3911 Alias
487 3873 578 3921 norrea,
597 3855 648 3910 nisi
668 3857 747 3930 tinem
767 3857 914 3912 maledictis
934 3856 1007 3910 facit.

392 3945 480 4000 Nolite
500 3945 586 4000 sinere
605 3963 652 4014 per
671 3963 718 4000 uos
739 3950 822 3999 artem
843 3945 969 4000 musicam

390 4035 519 4089 Recidere
539 4034 572 4088 ad
590 4053 702 4104 paucos:
723 4035 804 4089 facite
823 4041 852 4088 ut
873 4041 965 4089 nostra
984 4035 1132 4090 auctoritas

391 4124 466 4178 Meae
486 4124 640 4178 auctoritati
661 4124 760 4178 tutatrix
780 4124 948 4191 adiutrixque
969 4125 1012 4179 sit.

391 4212 418 4265 Si
440 4231 582 4280 numquam
603 4231 682 4268 auare
701 4213 813 4282 pretium
835 4213 916 4266 statui
938 4213 988 4266 arti
1010 4231 1082 4267 ureae
