3326 5016
687 491 877 545 .25-„

204 671 405 743 propediem.
453 671 529 727 Nam
553 669 583 726 in
607 668 783 725 Terentiana
808 667 909 724 fabula
938 666 1080 723 nihildum
1109 666 1167 722 scit
1190 664 1329 722 Chremes

205 779 239 834 de
263 777 360 834 reditu
377 776 499 835 Cliniae.
548 776 660 848 Quodsi
684 775 839 832 Terentius
860 775 927 831 illos
951 785 1055 830 versus
1072 777 1191 829 vertens
1208 773 1329 829 verbum

204 887 238 942 de
263 885 352 941 verbo
377 901 548 955 expressum
574 882 694 950 extulit,
733 882 800 938 inde
823 881 922 954 colligi
944 881 1015 938 licet
1038 879 1067 936 in
1093 879 1208 938 Graeca
1231 879 1330 936 fabula

204 993 390 1050 Chremetem
415 1008 480 1048 cum
504 990 601 1048 vicino
626 989 837 1060 colloquentem
862 988 920 1046 iam
945 989 1080 1044 edoctum
1112 1003 1177 1044 esse
1203 986 1328 1043 Cliniam

204 1099 319 1156 redisse
344 1102 396 1154 aut
419 1097 501 1154 breui
527 1096 689 1154 rediturum
714 1113 790 1152 esse.
1130 1079 1134 1086 ’

295 1199 346 1264 Ac
370 1205 583 1262 contaminanti
606 1208 711 1275 poetae
735 1203 836 1260 dubito
859 1219 896 1259 an
912 1203 967 1259 hoc
983 1219 1095 1272 quoque
1112 1201 1186 1259 vitio
1203 1201 1329 1258 dandum

204 1314 254 1383 sit,
292 1313 368 1384 quod
407 1310 475 1384 Syri
512 1311 665 1368 consilium
701 1310 834 1381 quamvis
870 1310 975 1378 audax,
1013 1308 1176 1378 obscurum
1214 1309 1328 1365 ratione

204 1435 326 1491 prorsus
351 1436 442 1492 egens
467 1419 504 1476 ab
528 1422 652 1488 utroquo
676 1417 866 1474 adulescente
882 1417 1037 1488 probatur:
1065 1421 1092 1472 et
1116 1415 1327 1486 aClitiphone,

203 1544 377 1598 quamquam
402 1525 481 1583 iusta
505 1542 596 1583 causa
620 1525 693 1581 dicit
716 1542 744 1581 r.
772 1527 834 1582 336
861 1541 904 1595 sq.

1036 1635 1167 1689 Fabulae:
1231 1657 1237 1671 ·

274 1725 319 1780 Nil
338 1726 404 1780 setis
424 1724 490 1780 firmi
506 1725 591 1790 uiden,
611 1743 687 1792 quam
702 1726 734 1780 ob
747 1742 804 1780 rem
818 1725 936 1793 accipere
950 1727 1020 1780 hunc
1033 1724 1069 1778 mi
1083 1723 1207 1792 expediat
1221 1729 1327 1778 metum.

179 1843 181 1846 ·
205 1835 235 1886 et
261 1847 277 1886 a
303 1829 407 1889 Clinia,
439 1829 487 1900 qui
516 1829 644 1886 maximo
672 1828 847 1900 Antiphilae
878 1829 1023 1886 desiderio
1055 1832 1216 1886 commotus
1245 1828 1330 1884 modo

203 1938 234 1993 in
255 1936 382 2008 patriam
399 1936 489 1993 redux
507 1935 579 1994 nihil
596 1936 745 2006 antiquius
761 1935 860 2004 habet,
886 1952 972 2006 quam
989 1940 1023 1991 ut
1039 1935 1164 1993 alienam
1179 1935 1329 1992 mulierem

203 2043 334 2101 moribus
365 2043 408 2100 illi
437 2043 584 2100 diversam
615 2057 696 2099 suam
727 2042 851 2100 amicam
880 2059 946 2100 esse
975 2043 1093 2099 simulet
1121 2041 1208 2114 idque
1232 2058 1329 2100 coram

203 2153 269 2222 ipsa
297 2151 463 2222 Antiphila.
512 2151 558 2208 Ae
586 2166 644 2206 non
673 2148 802 2222 Clitipho
838 2149 961 2217 Cliniae,
997 2150 1059 2218 sed,
1094 2150 1170 2221 quod
1203 2150 1330 2207 inanime

205 2259 309 2315 mirum
333 2262 389 2327 est,
415 2256 512 2315 Clinia
536 2257 696 2328 Clitiphoni
720 2257 888 2328 persuadet,
915 2258 951 2314 cf.
977 2275 1005 2314 v.
1032 2260 1095 2314 342
1120 2275 1182 2329 sqq.

268 2376 346 2431 Clit.
366 2376 437 2444 Quid
457 2395 507 2447 ago
527 2375 614 2431 nunc?
637 2375 720 2430 Clin.
735 2376 828 2432 Tune?
847 2378 916 2444 quod
929 2377 990 2432 boni
1004 2377 1081 2431 Clit.
1097 2377 1174 2446 Syre,
1193 2377 1234 2432 die
1253 2377 1329 2431 modo

270 2466 372 2520 Verum
393 2467 464 2536 Syr.
483 2467 545 2537 Age
564 2465 655 2520 modo:
675 2465 752 2520 hodie
772 2483 831 2521 sero
851 2485 881 2523 ao
900 2466 1058 2534 nequiquam
1077 2468 1158 2522 uoles.

265 2555 333 2610 Cin.
367 2557 453 2621 datur,
473 2556 561 2610 fruare
581 2556 643 2608 dum
663 2555 740 2610 licat:
761 2574 821 2611 nam
841 2555 953 2620 nescias,

266 2644 343 2700 Clit.
364 2645 432 2714 Syre
451 2645 571 2712 inquam!
610 2645 682 2714 Syr.
704 2647 791 2715 Pergo
810 2663 897 2713 porro,
918 2651 1008 2699 tamen
1027 2645 1097 2698 istuc
1117 2663 1174 2713 ago.

263 2733 346 2789 Clin.
367 2734 423 2790 eius
442 2735 479 2790 sit
497 2739 618 2803 potestas
638 2737 750 2803 posthae
769 2753 802 2788 an
822 2752 965 2802 numquam
985 2732 1042 2788 tibi.

268 2823 347 2879 Clit.
367 2825 470 2879 Verum
488 2822 577 2878 hercle
598 2822 668 2878 istuc
688 2828 737 2878 est.

293 2935 366 2993 Cum
401 2936 490 2992 trium
519 2933 634 2992 illorum
665 2952 753 2992 voces
782 2936 811 2991 in
840 2953 929 2992 unum
962 2936 1100 2993 confundi
1129 2936 1211 3004 facit,
1243 2940 1331 3006 poeta

205 3041 381 3100 inanitatem
407 3042 552 3100 dictorum
576 3042 666 3115 tegit:
692 3042 765 3099 nihil
782 3043 858 3100 euim
879 3043 948 3100 honi
965 3042 1126 3114 Clitiphoni
1147 3042 1328 3114 proponitur,

205 3149 312 3221 quippe
342 3149 389 3205 eui
418 3153 525 3220 postea
552 3167 588 3206 ne
619 3150 749 3206 salutare
778 3150 894 3220 quidem
917 3151 1095 3208 Bacchidem
1125 3150 1174 3224 (ef.
1200 3167 1228 3206 v.
1255 3150 1332 3223 379)

206 3257 306 3327 liceat,
331 3256 437 3314 nedum
461 3256 520 3314 alia
543 3256 603 3314 ulla
628 3257 703 3314 (lomi
728 3257 842 3315 fruendi
873 3262 1008 3330 potestas
1039 3259 1133 3315 detur.
1181 3259 1209 3314 A
1235 3257 1333 3313 Clinia

207 3370 305 3422 autem
329 3381 377 3421 ros
400 3361 581 3436 gravissima
610 3370 698 3435 atque
728 3365 920 3423 acerbissima
947 3366 1130 3437 postulatum
1162 3365 1333 3436 postulatur

207 3472 291 3541 enim,
328 3477 362 3528 ut
398 3471 571 3528 adulescens
607 3472 657 3529 ille
693 3490 819 3530 amorem
856 3472 1003 3531 amicitiae
1043 3472 1212 3543 permittat;
1256 3472 1331 3542 quod

205 3579 375 3650 priusquam
400 3578 551 3647 concedat,
589 3596 642 3635 suo
665 3579 728 3637 iure
757 3581 941 3653 interrogare
970 3584 1070 3650 potest
1100 3583 1129 3636 et
1158 3578 1254 3646 dehet,
1296 3580 1332 3635 ad

206 3703 290 3756 quem
320 3686 406 3742 linem
437 3690 498 3742 tam
529 3686 663 3742 acerbum
695 3687 841 3744 amicitiae
871 3686 998 3744 officinm
1028 3690 1181 3756 praestare
1210 3702 1332 3743 neeesse

206 3792 255 3850 sit.
304 3793 406 3863 Neque
430 3809 499 3850 vero
524 3794 608 3850 modo
637 3812 694 3851 non
723 3794 849 3867 flagitat.
880 3798 913 3850 ut
938 3791 1041 3865 Syrus,
1072 3793 1147 3863 quod
1178 3794 1207 3849 iu
1236 3793 1332 3850 animo

205 3899 324 3968 haheat,
351 3901 436 3971 plane
462 3904 492 3957 et
515 3907 653 3958 accurate
678 3901 815 3972 explicet,
842 3902 893 3958 sed
919 3901 1009 3958 etiam
1033 3900 1231 3971 Clitiphonem
1253 3901 1333 3957 iusta

206 4023 297 4064 eausa
319 4006 501 4064 dubitantem
523 4010 617 4065 multo
641 4009 740 4066 lahoro
761 4009 798 4066 ad
816 4009 993 4066 senteutiam
1010 4008 1128 4064 minime
1145 4008 1332 4079 perspicuam

205 4113 272 4185 Syri
305 4116 448 4186 perducit.

307 4225 499 4296 Quantopere
525 4231 552 4279 et
579 4241 664 4293 quam
689 4223 824 4280 celeriter
848 4224 877 4280 in
901 4225 1090 4280 adulescente
1115 4223 1220 4279 aulone
1245 4220 1332 4278 Auti-

641 4439 656 4446 *
722 4432 766 4493 a

736 4515 791 4580 a
