3326 5016
758 379 977 434 ..33-

304 556 381 612 enim
404 556 525 626 incipit:
553 555 734 626 „Postquam
758 560 864 626 poetae
889 556 983 612 sensit
1008 555 1184 626 seriptm'am
1209 571 1292 612 suam
1317 554 1354 610 ab
1378 553 1432 610 ini-

304 662 369 732 quis
394 661 581 731 obseruari‘3
608 662 763 734 aptissime
789 662 922 731 „sensit”
944 663 974 718 in
997 662 1090 734 primo
1107 661 1227 734 prologo
1245 661 1355 718 dictum
1375 666 1431 728 est,

302 769 333 824 in
362 768 526 840 posteriore
563 770 661 841 aliquo
695 770 800 826 mirum
835 775 926 826 esset.
975 771 1077 840 Atque
1100 770 1130 826 in
1154 768 1282 840 Adelph.
1308 768 1433 842 prologo

303 891 360 932 uno
397 876 433 932 ab
471 876 632 947 ..iniquisn
675 875 893 945 „aduersariis“
933 875 1131 945 „maliuolis“‚
1169 893 1227 932 non
1258 891 1276 932 a
1311 878 1432 945 „uetere

302 986 423 1054 poeta“‚
448 988 480 1039 ut
505 984 535 1040 iu
561 984 678 1043 ceteris.
705 983 860 1041 Terentius
886 1000 917 1039 se
942 983 1082 1039 defendit.
1128 981 1249 1039 Minime
1273 981 1379 1038 mirum
1402 981 1432 1038 id

302 1089 437 1160 quidem!
497 1088 640 1148 Senserat
683 1091 759 1148 anim
800 1090 956 1148 Terentius
997 1090 1033 1146 ab
1072 1088 1240 1147 hominibus
1283 1063 1432 1146 malivolis

303 1197 360 1252 sibi
407 1196 581 1257 obtrectari.
637 1197 689 1254 sod
735 1198 895 1270 ignorabat
941 1203 991 1253 aut
1039 1214 1142 1268 parum
1189 1202 1269 1254 certo
1315 1195 1427 1252 sciebat

301 1309 433 1361 veterem
457 1309 575 1376 poetam
598 1304 758 1375 prinoipem
788 1322 854 1361 esse
883 1304 1129 1371 adversariorum,
1159 1303 1189 1360 id
1219 1303 1296 1375 quod
1324 1307 1432 1374 postea

302 1411 417 1468 demum
441 1412 590 1484 cognorit.
637 1411 799 1468 Praeterea
821 1411 922 1484 magni
951 1411 1091 1468 momenti
1116 1414 1163 1468 est
1191 1410 1255 1467 hoe.
1303 1409 1429 1468 Poetam

302 1517 428 1588 primum
466 1519 620 1592 prologum
660 1518 839 1575 scribentem
874 1518 977 1592 lugere
1011 1535 1070 1574 non
1116 1522 1234 1589 poterat
1276 1517 1431 1590 prologum

303 1642 386 1682 suum
419 1642 476 1682 non
519 1625 608 1682 talem
648 1641 723 1694 esse,
765 1626 866 1696 quales
908 1626 1033 1697 populus
1070 1619 1171 1680 audire
1211 1623 1428 1680 consuevisset.

302 1732 442 1789 Monendi
470 1731 564 1805 igitur
597 1737 683 1790 erant
707 1732 742 1801 ei,
772 1733 822 1803 qui
846 1733 1031 1804 spectabant,
1057 1749 1093 1788 ne
1117 1735 1322 1804 argumentum
1345 1729 1430 1786 fabu-

302 1839 348 1895 lae
384 1843 435 1896 aut
470 1837 590 1898 titulum
630 1845 848 1912 exspectarent.
885 1839 926 1896 nt
968 1855 1038 1896 vero
1076 1845 1165 1910 poeta
1200 1837 1271 1910 dicit
1304 1853 1332 1892 v.
1373 1838 1429 1892 26:

303 1945 438 2003 ..Dehinc
462 1963 498 2002 ne
524 1947 705 2018 exspectetis
730 1951 935 2019 argumentum
959 1947 1109 2004 fabulae.“

392 2071 469 2128 Item
494 2071 528 2127 de
552 2071 640 2128 titulo
669 2075 748 2127 tecte
777 2075 877 2126 monet
904 2071 1001 2127 tribus
1030 2070 1090 2127 illis
1121 2070 1270 2138 versibus,
1296 2085 1369 2138 quos
1394 2085 1431 2124 ex

301 2178 411 2235 Heaut.
443 2178 565 2252 prologo
597 2178 627 2234 in
654 2177 780 2249 Adelph.
816 2177 969 2250 prologum
1000 2177 1201 2234 restituendos
1237 2192 1302 2236 esse
1341 2191 1432 2246 supra

302 2285 427 2342 ostendi.
473 2284 558 2357 Quod
582 2301 638 2354 quo
662 2284 778 2341 facilius
804 2283 975 2358 perspicias
1001 2284 1082 2340 tituli
1106 2284 1222 2342 initium
1246 2259 1430 2354 pronuntiati

302 2392 386 2474 iuxta
409 2408 515 2448 versus
540 2391 654 2464 prologi
678 2407 797 2476 ponam:

518 2561 633 2618 Titulus
1064 2561 1211 2634 Prologus

439 2714 692 2790 (AgaturJUNoua
822 2755 825 2760 ·
941 2687 1068 2770 ¹Nouam
1094 2730 1160 2770 esse
1185 2713 1301 2770 ostendi

438 2821 592 2893 Adelphoe
695 2893 698 2898 Ι
955 2825 985 2877 ct
1008 2837 1082 2890 quae
1107 2824 1188 2877 esset

436 2928 554 2986 Terenti
613 2901 614 2908 ἵ
953 2946 1027 2985 nunc
1052 2927 1101 3000 qui
1125 2925 1278 2998 scripserit

438 3035 554 3092 Graeca
577 3035 740 3092 Menandro
811 3117 813 3122 ,
955 3036 998 3092 Et
1022 3035 1108 3106 quoia
1133 3034 1249 3092 Graeca
1273 3035 1322 3090 sit.

303 3205 370 3262 Hoc
393 3205 479 3261 modo
496 3204 531 3261 de
555 3203 644 3260 titulo
668 3203 754 3274 paulo
779 3208 847 3260 ante
871 3203 1062 3276 pronuntiato
1087 3202 1227 3260 admoniti
1245 3201 1431 3274 spectatores

303 3328 360 3368 non
385 3316 545 3383 potnerunt
568 3327 626 3366 non
655 3310 843 3383 intellegere,
881 3309 1072 3367 curuamine
1100 3310 1130 3367 in
1154 3310 1277 3382 prologo
1299 3309 1431 3366 indicare

303 3435 361 3474 non
400 3435 467 3475 esse
505 3433 627 3474 necesse
665 3421 754 3488 poeta
793 3417 987 3475 existimaret.
1024 3451 1067 3458 —-
1102 3417 1182 3475 Hinc
1221 3416 1357 3486 eflicitur,
1397 3422 1432 3472 ut

303 3525 461 3597 Adelphon
486 3525 626 3596 prologus
650 3524 762 3595 primus
792 3543 829 3582 ex
857 3525 988 3598 prologis
1013 3524 1142 3596 scriptus
1168 3525 1216 3592 sit,
1242 3523 1342 3581 fabula
1365 3523 1433 3594 ipsa

304 3636 403 3688 autem
426 3631 581 3703 Adelphoe
606 3631 735 3688 secunda
758 3632 822 3689 loco
847 3636 914 3688 acta
939 3631 988 3687 sit.

393 3783 563 3840 Proximum
593 3788 654 3851 est,
691 3788 725 3840 ut
753 3783 788 3839 de
818 3781 962 3838 Eunucho
991 3786 1158 3851 quaeratur.
1207 3783 1292 3840 Haeo
1322 3782 1432 3850 fabula,

305 3891 427 3947 sirecte
451 3907 540 3962 supra
563 3891 598 3947 de
624 3889 762 3947 continuo
784 3889 885 3947 ordine
904 3889 1068 3946 fabularum
1089 3887 1236 3960 Heeprae,
1254 3864 1432 3957 Heautont,

303 3997 490 4054 Phormionis
515 3997 675 4080 disputavi,
702 4001 753 4054 aut
777 4002 845 4054 ante
868 3979 1080 4067 Heumann.
1107 3977 1140 4052 es
1158 3983 1248 4053 tertio
1272 3997 1354 4064 loco,
1380 4003 1434 4052 aut

303 4109 372 4177 post
407 4104 623 4172 Phormionem,
655 4105 673 4160 i.
706 4120 730 4161 e.
757 4109 841 4160 sexto
876 4104 950 4171 loco,
987 4109 1056 4160 acta
1090 4108 1145 4160 est.
1194 4089 1311 4160 Tertius
1347 4103 1434 4160 locus
1516 4133 1519 4138 ·
