<?xml version="1.0" encoding="UTF-8"?>
<!DOCTYPE html PUBLIC "-//W3C//DTD XHTML 1.0 Transitional//EN"
    "http://www.w3.org/TR/xhtml1/DTD/xhtml1-transitional.dtd">
<html xmlns="http://www.w3.org/1999/xhtml" xml:lang="en" lang="en">
 <head>
  <title>
</title>
<meta http-equiv="Content-Type" content="text/html;charset=utf-8" />
  <meta name='ocr-system' content='tesseract 3.04.00' />
  <meta name='ocr-capabilities' content='ocr_page ocr_carea ocr_par ocr_line ocrx_word'/>
</head>
<body>
  <div class='ocr_page' id='page_1' title='image "./quaestionestere00herrgoog_0044.png"; bbox 0 0 3326 5016; ppageno 0'>
   <div class='ocr_carea' id='block_1_1' title="bbox 673 426 892 479">
    <p class='ocr_par' dir='ltr' id='par_1_1' title="bbox 673 426 892 479">
     <span class='ocr_line' id='line_1_1' title="bbox 673 426 892 479; baseline 0 -15"><span class='ocrx_word' id='word_1_1' title='bbox 673 426 892 479; x_wconf 36' lang='lat' dir='ltr'>„.37.A</span> 
     </span>
    </p>
   </div>
   <div class='ocr_carea' id='block_1_2' title="bbox 143 615 1348 911">
    <p class='ocr_par' dir='ltr' id='par_1_2' title="bbox 143 615 1348 911">
     <span class='ocr_line' id='line_1_2' title="bbox 219 615 1347 692; baseline -0.009 -10"><span class='ocrx_word' id='word_1_2' title='bbox 219 627 251 682; x_wconf 90' lang='lat' dir='ltr'>in</span> <span class='ocrx_word' id='word_1_3' title='bbox 275 625 361 682; x_wconf 88' lang='lat' dir='ltr'>libris</span> <span class='ocrx_word' id='word_1_4' title='bbox 386 622 520 681; x_wconf 86' lang='lat' dir='ltr'>Andriae</span> <span class='ocrx_word' id='word_1_5' title='bbox 544 619 702 688; x_wconf 75' lang='lat' dir='ltr'>antecedit,</span> <span class='ocrx_word' id='word_1_6' title='bbox 729 619 859 690; x_wconf 77' lang='lat' dir='ltr'>scripsit.</span> <span class='ocrx_word' id='word_1_7' title='bbox 908 617 964 692; x_wconf 75' lang='lat' dir='ltr'>(Ol.</span> <span class='ocrx_word' id='word_1_8' title='bbox 991 618 1080 675; x_wconf 85' lang='lat' dir='ltr'>etiarn</span> <span class='ocrx_word' id='word_1_9' title='bbox 1104 616 1257 674; x_wconf 80' lang='lat' dir='ltr'>annotatio</span> <span class='ocrx_word' id='word_1_10' title='bbox 1283 615 1347 688; x_wconf 75' lang='lat'><strong>20).</strong></span> 
     </span>
     <span class='ocr_line' id='line_1_3' title="bbox 143 717 1346 804; baseline -0.01 -14"><span class='ocrx_word' id='word_1_11' title='bbox 143 785 146 790; x_wconf 19' lang='lat' dir='ltr'>i</span> <span class='ocrx_word' id='word_1_12' title='bbox 220 732 352 790; x_wconf 86' lang='lat' dir='ltr'>Primum</span> <span class='ocrx_word' id='word_1_13' title='bbox 376 731 469 804; x_wconf 86' lang='lat' dir='ltr'>igitur</span> <span class='ocrx_word' id='word_1_14' title='bbox 484 729 601 787; x_wconf 79' lang='lat' dir='ltr'>Andria</span> <span class='ocrx_word' id='word_1_15' title='bbox 625 726 688 785; x_wconf 84' lang='lat' dir='ltr'>sine</span> <span class='ocrx_word' id='word_1_16' title='bbox 712 726 833 800; x_wconf 76' lang='lat' dir='ltr'>prologo</span> <span class='ocrx_word' id='word_1_17' title='bbox 858 732 925 783; x_wconf 85' lang='lat' dir='ltr'>acta</span> <span class='ocrx_word' id='word_1_18' title='bbox 949 730 1005 782; x_wconf 86' lang='lat' dir='ltr'>est.</span> <span class='ocrx_word' id='word_1_19' title='bbox 1035 723 1083 780; x_wconf 79' lang='lat' dir='ltr'>Ex</span> <span class='ocrx_word' id='word_1_20' title='bbox 1107 724 1161 780; x_wconf 82' lang='lat' dir='ltr'>hoc</span> <span class='ocrx_word' id='word_1_21' title='bbox 1187 717 1215 779; x_wconf 85' lang='lat' dir='ltr'>el</span> <span class='ocrx_word' id='word_1_22' title='bbox 1242 741 1277 779; x_wconf 83' lang='lat' dir='ltr'>ex</span> <span class='ocrx_word' id='word_1_23' title='bbox 1294 723 1346 791; x_wconf 77' lang='lat' dir='ltr'>eis,</span> 
     </span>
     <span class='ocr_line' id='line_1_4' title="bbox 220 830 1348 911; baseline -0.01 -15"><span class='ocrx_word' id='word_1_24' title='bbox 220 856 295 911; x_wconf 85' lang='lat' dir='ltr'>quaa</span> <span class='ocrx_word' id='word_1_25' title='bbox 320 855 409 909; x_wconf 90' lang='lat' dir='ltr'>supra</span> <span class='ocrx_word' id='word_1_26' title='bbox 434 836 637 893; x_wconf 83' lang='lat' dir='ltr'>demonstrata-</span> <span class='ocrx_word' id='word_1_27' title='bbox 666 839 744 902; x_wconf 74' lang='lat' dir='ltr'>snut,</span> <span class='ocrx_word' id='word_1_28' title='bbox 771 834 913 906; x_wconf 82' lang='lat' dir='ltr'>sequitur,</span> <span class='ocrx_word' id='word_1_29' title='bbox 945 838 977 890; x_wconf 92' lang='lat' dir='ltr'>ut</span> <span class='ocrx_word' id='word_1_30' title='bbox 1001 832 1125 903; x_wconf 83' lang='lat' dir='ltr'>prunam</span> <span class='ocrx_word' id='word_1_31' title='bbox 1148 830 1280 888; x_wconf 82' lang='lat' dir='ltr'>fabulam</span> <span class='ocrx_word' id='word_1_32' title='bbox 1295 830 1348 886; x_wconf 85' lang='lat' dir='ltr'>Te·</span> 
     </span>
    </p>
   </div>
   <div class='ocr_carea' id='block_1_3' title="bbox 220 942 1362 3406">
    <p class='ocr_par' dir='ltr' id='par_1_3' title="bbox 221 942 693 1015">
     <span class='ocr_line' id='line_1_5' title="bbox 221 942 693 1015; baseline -0.008 -13"><span class='ocrx_word' id='word_1_33' title='bbox 221 946 336 1004; x_wconf 86' lang='lat' dir='ltr'>rentius</span> <span class='ocrx_word' id='word_1_34' title='bbox 361 943 516 1015; x_wconf 73' lang='lat' dir='ltr'>scripserit</span> <span class='ocrx_word' id='word_1_35' title='bbox 539 942 693 1000; x_wconf 86' lang='lat' dir='ltr'>Andriam.</span> 
     </span>
    </p>

    <p class='ocr_par' dir='ltr' id='par_1_4' title="bbox 220 1063 1362 3406">
     <span class='ocr_line' id='line_1_6' title="bbox 311 1063 1348 1140; baseline -0.008 -14"><span class='ocrx_word' id='word_1_36' title='bbox 311 1070 376 1126; x_wconf 90' lang='lat' dir='ltr'>Iam</span> <span class='ocrx_word' id='word_1_37' title='bbox 400 1086 471 1126; x_wconf 77' lang='lat' dir='ltr'>vero</span> <span class='ocrx_word' id='word_1_38' title='bbox 495 1068 698 1140; x_wconf 88' lang='lat' dir='ltr'>inquirendum</span> <span class='ocrx_word' id='word_1_39' title='bbox 715 1073 762 1124; x_wconf 80' lang='lat' dir='ltr'>est</span> <span class='ocrx_word' id='word_1_40' title='bbox 778 1066 925 1124; x_wconf 84' lang='lat' dir='ltr'>Andriam</span> <span class='ocrx_word' id='word_1_41' title='bbox 949 1083 1022 1139; x_wconf 91' lang='lat' dir='ltr'>quae</span> <span class='ocrx_word' id='word_1_42' title='bbox 1047 1063 1147 1120; x_wconf 88' lang='lat' dir='ltr'>l&#39;abnla</span> <span class='ocrx_word' id='word_1_43' title='bbox 1172 1067 1275 1120; x_wconf 85' lang='lat' dir='ltr'>secuta</span> <span class='ocrx_word' id='word_1_44' title='bbox 1299 1063 1348 1119; x_wconf 86' lang='lat' dir='ltr'>sit.</span> 
     </span>
     <span class='ocr_line' id='line_1_7' title="bbox 220 1153 1348 1249; baseline -0.008 -14"><span class='ocrx_word' id='word_1_45' title='bbox 220 1178 302 1235; x_wconf 88' lang='lat' dir='ltr'>Huic</span> <span class='ocrx_word' id='word_1_46' title='bbox 327 1153 493 1249; x_wconf 88' lang='lat' dir='ltr'>quaestioni</span> <span class='ocrx_word' id='word_1_47' title='bbox 525 1181 587 1232; x_wconf 82' lang='lat' dir='ltr'>tres</span> <span class='ocrx_word' id='word_1_48' title='bbox 611 1174 728 1231; x_wconf 85' lang='lat' dir='ltr'>fabulae</span> <span class='ocrx_word' id='word_1_49' title='bbox 751 1174 882 1244; x_wconf 84' lang='lat' dir='ltr'>reliquae</span> <span class='ocrx_word' id='word_1_50' title='bbox 906 1178 990 1230; x_wconf 89' lang='lat' dir='ltr'>sunt:</span> <span class='ocrx_word' id='word_1_51' title='bbox 1019 1173 1149 1243; x_wconf 71' lang='lat' dir='ltr'>Hecyra,</span> <span class='ocrx_word' id='word_1_52' title='bbox 1177 1169 1348 1227; x_wconf 74' lang='lat' dir='ltr'>Eunuchus.</span> 
     </span>
     <span class='ocr_line' id='line_1_8' title="bbox 222 1277 1351 1356; baseline -0.008 -14"><span class='ocrx_word' id='word_1_53' title='bbox 222 1285 396 1356; x_wconf 87' lang='lat' dir='ltr'>Adolphoe:</span> <span class='ocrx_word' id='word_1_54' title='bbox 423 1301 459 1340; x_wconf 86' lang='lat' dir='ltr'>ex</span> <span class='ocrx_word' id='word_1_55' title='bbox 483 1282 589 1354; x_wconf 83' lang='lat' dir='ltr'>quibus</span> <span class='ocrx_word' id='word_1_56' title='bbox 609 1281 730 1352; x_wconf 80' lang='lat' dir='ltr'>Hecyra</span> <span class='ocrx_word' id='word_1_57' title='bbox 754 1281 790 1337; x_wconf 94' lang='lat' dir='ltr'>ob</span> <span class='ocrx_word' id='word_1_58' title='bbox 814 1281 844 1337; x_wconf 93' lang='lat' dir='ltr'>id</span> <span class='ocrx_word' id='word_1_59' title='bbox 868 1281 964 1352; x_wconf 91' lang='lat' dir='ltr'>ipsum</span> <span class='ocrx_word' id='word_1_60' title='bbox 989 1279 1172 1346; x_wconf 81' lang='lat' dir='ltr'>secernenda¹</span> <span class='ocrx_word' id='word_1_61' title='bbox 1193 1282 1249 1346; x_wconf 79' lang='lat' dir='ltr'>est,</span> <span class='ocrx_word' id='word_1_62' title='bbox 1276 1277 1351 1349; x_wconf 90' lang='lat' dir='ltr'>quod</span> 
     </span>
     <span class='ocr_line' id='line_1_9' title="bbox 223 1385 1351 1463; baseline -0.007 -15"><span class='ocrx_word' id='word_1_63' title='bbox 223 1391 287 1448; x_wconf 89' lang='lat' dir='ltr'>sine</span> <span class='ocrx_word' id='word_1_64' title='bbox 311 1390 434 1463; x_wconf 83' lang='lat' dir='ltr'>prologo</span> <span class='ocrx_word' id='word_1_65' title='bbox 459 1397 527 1447; x_wconf 86' lang='lat' dir='ltr'>aeta</span> <span class='ocrx_word' id='word_1_66' title='bbox 559 1395 615 1445; x_wconf 86' lang='lat' dir='ltr'>est.</span> <span class='ocrx_word' id='word_1_67' title='bbox 664 1387 789 1459; x_wconf 79' lang='lat' dir='ltr'>Quando</span> <span class='ocrx_word' id='word_1_68' title='bbox 818 1387 894 1443; x_wconf 91' lang='lat' dir='ltr'>enim</span> <span class='ocrx_word' id='word_1_69' title='bbox 918 1387 1086 1444; x_wconf 83' lang='lat' dir='ltr'>Terentium</span> <span class='ocrx_word' id='word_1_70' title='bbox 1110 1387 1147 1443; x_wconf 89' lang='lat' dir='ltr'>ab</span> <span class='ocrx_word' id='word_1_71' title='bbox 1172 1385 1351 1442; x_wconf 77' lang='lat' dir='ltr'>adversariis</span> 
     </span>
     <span class='ocr_line' id='line_1_10' title="bbox 222 1492 1351 1564; baseline -0.004 -12"><span class='ocrx_word' id='word_1_72' title='bbox 222 1496 427 1554; x_wconf 86' lang='lat' dir='ltr'>vehementius</span> <span class='ocrx_word' id='word_1_73' title='bbox 453 1494 624 1551; x_wconf 74' lang='lat' dir='ltr'>criminibus</span> <span class='ocrx_word' id='word_1_74' title='bbox 647 1499 788 1552; x_wconf 77' lang='lat' dir='ltr'>vexatum</span> <span class='ocrx_word' id='word_1_75' title='bbox 816 1511 883 1552; x_wconf 85' lang='lat' dir='ltr'>esso</span> <span class='ocrx_word' id='word_1_76' title='bbox 913 1492 1065 1550; x_wconf 86' lang='lat' dir='ltr'>arbitreris</span> <span class='ocrx_word' id='word_1_77' title='bbox 1091 1510 1177 1564; x_wconf 88' lang='lat' dir='ltr'>quarn</span> <span class='ocrx_word' id='word_1_78' title='bbox 1201 1499 1268 1564; x_wconf 85' lang='lat' dir='ltr'>post</span> <span class='ocrx_word' id='word_1_79' title='bbox 1293 1493 1351 1564; x_wconf 91' lang='lat' dir='ltr'>pri-</span> 
     </span>
     <span class='ocr_line' id='line_1_11' title="bbox 223 1600 1351 1673; baseline -0.004 -13"><span class='ocrx_word' id='word_1_80' title='bbox 223 1621 301 1661; x_wconf 86' lang='lat' dir='ltr'>mam</span> <span class='ocrx_word' id='word_1_81' title='bbox 326 1604 388 1660; x_wconf 88' lang='lat' dir='ltr'>eius</span> <span class='ocrx_word' id='word_1_82' title='bbox 413 1603 543 1661; x_wconf 85' lang='lat' dir='ltr'>fabulam</span> <span class='ocrx_word' id='word_1_83' title='bbox 566 1607 685 1673; x_wconf 86' lang='lat' dir='ltr'>praetor</span> <span class='ocrx_word' id='word_1_84' title='bbox 708 1601 874 1673; x_wconf 84' lang='lat' dir='ltr'>opinionem</span> <span class='ocrx_word' id='word_1_85' title='bbox 897 1600 1013 1656; x_wconf 89' lang='lat' dir='ltr'>illorum</span> <span class='ocrx_word' id='word_1_86' title='bbox 1040 1617 1182 1671; x_wconf 82' lang='lat' dir='ltr'>prospero</span> <span class='ocrx_word' id='word_1_87' title='bbox 1212 1617 1351 1658; x_wconf 78' lang='lat' dir='ltr'>successu</span> 
     </span>
     <span class='ocr_line' id='line_1_12' title="bbox 225 1707 1352 1790; baseline -0.006 -22"><span class='ocrx_word' id='word_1_88' title='bbox 225 1712 341 1769; x_wconf 83' lang='lat' dir='ltr'>aotam?</span> <span class='ocrx_word' id='word_1_89' title='bbox 381 1710 499 1790; x_wconf 84' lang='lat' dir='ltr'>quando</span> <span class='ocrx_word' id='word_1_90' title='bbox 525 1713 631 1781; x_wconf 87' lang='lat' dir='ltr'>poetae</span> <span class='ocrx_word' id='word_1_91' title='bbox 655 1708 752 1781; x_wconf 84' lang='lat' dir='ltr'>magis</span> <span class='ocrx_word' id='word_1_92' title='bbox 776 1724 898 1764; x_wconf 85' lang='lat' dir='ltr'>neccsse</span> <span class='ocrx_word' id='word_1_93' title='bbox 922 1707 1014 1764; x_wconf 85' lang='lat' dir='ltr'>luisse</span> <span class='ocrx_word' id='word_1_94' title='bbox 1040 1723 1162 1765; x_wconf 79' lang='lat' dir='ltr'>censeas</span> <span class='ocrx_word' id='word_1_95' title='bbox 1186 1707 1352 1764; x_wconf 72' lang='lat' dir='ltr'>maledictis</span> 
     </span>
     <span class='ocr_line' id='line_1_13' title="bbox 224 1812 1352 1888; baseline -0.006 -12"><span class='ocrx_word' id='word_1_96' title='bbox 224 1818 463 1879; x_wconf 81' lang='lat' dir='ltr'>adversariorum</span> <span class='ocrx_word' id='word_1_97' title='bbox 487 1817 665 1888; x_wconf 85' lang='lat' dir='ltr'>respondere</span> <span class='ocrx_word' id='word_1_98' title='bbox 681 1831 767 1887; x_wconf 86' lang='lat' dir='ltr'>quam</span> <span class='ocrx_word' id='word_1_99' title='bbox 791 1814 896 1872; x_wconf 85' lang='lat' dir='ltr'>iterum</span> <span class='ocrx_word' id='word_1_100' title='bbox 920 1813 1050 1872; x_wconf 89' lang='lat' dir='ltr'>fabulam</span> <span class='ocrx_word' id='word_1_101' title='bbox 1076 1814 1217 1873; x_wconf 79' lang='lat' dir='ltr'>docturo?</span> <span class='ocrx_word' id='word_1_102' title='bbox 1241 1812 1352 1871; x_wconf 83' lang='lat' dir='ltr'>Secun-</span> 
     </span>
     <span class='ocr_line' id='line_1_14' title="bbox 225 1921 1348 2010; baseline -0.004 -28"><span class='ocrx_word' id='word_1_103' title='bbox 225 1927 292 1983; x_wconf 90' lang='lat' dir='ltr'>dam</span> <span class='ocrx_word' id='word_1_104' title='bbox 316 1925 414 2010; x_wconf 24' lang='lat' dir='ltr'>&#39;igitur</span> <span class='ocrx_word' id='word_1_105' title='bbox 443 1922 573 1980; x_wconf 86' lang='lat' dir='ltr'>fabulam</span> <span class='ocrx_word' id='word_1_106' title='bbox 600 1924 722 1996; x_wconf 84' lang='lat' dir='ltr'>prologo</span> <span class='ocrx_word' id='word_1_107' title='bbox 751 1939 809 1978; x_wconf 90' lang='lat' dir='ltr'>non</span> <span class='ocrx_word' id='word_1_108' title='bbox 838 1921 969 1979; x_wconf 81' lang='lat' dir='ltr'>caruisse</span> <span class='ocrx_word' id='word_1_109' title='bbox 998 1939 1051 1993; x_wconf 94' lang='lat' dir='ltr'>pro</span> <span class='ocrx_word' id='word_1_110' title='bbox 1075 1927 1156 1979; x_wconf 87' lang='lat' dir='ltr'>certo</span> <span class='ocrx_word' id='word_1_111' title='bbox 1178 1922 1282 1979; x_wconf 88' lang='lat' dir='ltr'>habeo.</span> <span class='ocrx_word' id='word_1_112' title='bbox 1313 1954 1348 1961; x_wconf 91' lang='lat'>-—</span> 
     </span>
     <span class='ocr_line' id='line_1_15' title="bbox 224 2028 1353 2101; baseline -0.007 -11"><span class='ocrx_word' id='word_1_113' title='bbox 224 2034 271 2090; x_wconf 86' lang='lat' dir='ltr'>Ac</span> <span class='ocrx_word' id='word_1_114' title='bbox 293 2049 330 2090; x_wconf 84' lang='lat' dir='ltr'>no</span> <span class='ocrx_word' id='word_1_115' title='bbox 354 2031 516 2088; x_wconf 82' lang='lat' dir='ltr'>Eunuchus</span> <span class='ocrx_word' id='word_1_116' title='bbox 540 2030 655 2101; x_wconf 81' lang='lat' dir='ltr'>quidem</span> <span class='ocrx_word' id='word_1_117' title='bbox 679 2029 781 2086; x_wconf 86' lang='lat' dir='ltr'>fabula</span> <span class='ocrx_word' id='word_1_118' title='bbox 809 2030 938 2085; x_wconf 82' lang='lat' dir='ltr'>secunda</span> <span class='ocrx_word' id='word_1_119' title='bbox 961 2028 1026 2098; x_wconf 73' lang='lat' dir='ltr'>luit,</span> <span class='ocrx_word' id='word_1_120' title='bbox 1053 2028 1195 2100; x_wconf 80' lang='lat' dir='ltr'>siquidem</span> <span class='ocrx_word' id='word_1_121' title='bbox 1221 2029 1353 2098; x_wconf 83' lang='lat' dir='ltr'>„existu-</span> 
     </span>
     <span class='ocr_line' id='line_1_16' title="bbox 224 2133 1353 2211; baseline -0.004 -15"><span class='ocrx_word' id='word_1_122' title='bbox 224 2140 334 2196; x_wconf 81' lang='lat' dir='ltr'>mauit“</span> <span class='ocrx_word' id='word_1_123' title='bbox 367 2139 531 2211; x_wconf 88' lang='lat' dir='ltr'>perfectum</span> <span class='ocrx_word' id='word_1_124' title='bbox 555 2133 649 2211; x_wconf 59' lang='lat' dir='ltr'>(prols</span> <span class='ocrx_word' id='word_1_125' title='bbox 666 2154 694 2194; x_wconf 87' lang='lat' dir='ltr'>v.</span> <span class='ocrx_word' id='word_1_126' title='bbox 722 2137 762 2210; x_wconf 71' lang='lat'>5),</span> <span class='ocrx_word' id='word_1_127' title='bbox 790 2137 865 2208; x_wconf 93' lang='lat' dir='ltr'>quod</span> <span class='ocrx_word' id='word_1_128' title='bbox 889 2135 1049 2193; x_wconf 85' lang='lat' dir='ltr'>Bembinns</span> <span class='ocrx_word' id='word_1_129' title='bbox 1080 2137 1187 2208; x_wconf 89' lang='lat' dir='ltr'>aliique</span> <span class='ocrx_word' id='word_1_130' title='bbox 1211 2135 1278 2193; x_wconf 90' lang='lat' dir='ltr'>libri</span> <span class='ocrx_word' id='word_1_131' title='bbox 1303 2153 1353 2193; x_wconf 82' lang='lat' dir='ltr'>ex-</span> 
     </span>
     <span class='ocr_line' id='line_1_17' title="bbox 228 2237 1351 2317; baseline -0.004 -15"><span class='ocrx_word' id='word_1_132' title='bbox 228 2245 341 2312; x_wconf 73' lang='lat' dir='ltr'>hibent,</span> <span class='ocrx_word' id='word_1_133' title='bbox 376 2251 457 2302; x_wconf 87' lang='lat' dir='ltr'>recto</span> <span class='ocrx_word' id='word_1_134' title='bbox 494 2262 525 2302; x_wconf 92' lang='lat' dir='ltr'>se</span> <span class='ocrx_word' id='word_1_135' title='bbox 553 2237 708 2317; x_wconf 53' lang='lat' dir='ltr'>nabeoth</span> <span class='ocrx_word' id='word_1_136' title='bbox 746 2261 782 2300; x_wconf 85' lang='lat' dir='ltr'>ex</span> <span class='ocrx_word' id='word_1_137' title='bbox 810 2261 866 2315; x_wconf 91' lang='lat' dir='ltr'>quo</span> <span class='ocrx_word' id='word_1_138' title='bbox 905 2243 1084 2314; x_wconf 84' lang='lat' dir='ltr'>perspicitur</span> <span class='ocrx_word' id='word_1_139' title='bbox 1111 2244 1169 2300; x_wconf 83' lang='lat' dir='ltr'>iarn</span> <span class='ocrx_word' id='word_1_140' title='bbox 1196 2243 1227 2300; x_wconf 93' lang='lat' dir='ltr'>in</span> <span class='ocrx_word' id='word_1_141' title='bbox 1255 2243 1351 2314; x_wconf 81' lang='lat' dir='ltr'>priore</span> 
     </span>
     <span class='ocr_line' id='line_1_18' title="bbox 226 2333 1351 2425; baseline -0.002 -17"><span class='ocrx_word' id='word_1_142' title='bbox 226 2352 323 2423; x_wconf 85' lang='lat' dir='ltr'>aliquo</span> <span class='ocrx_word' id='word_1_143' title='bbox 352 2351 471 2409; x_wconf 78' lang='lat' dir='ltr'>Terenti</span> <span class='ocrx_word' id='word_1_144' title='bbox 510 2333 632 2425; x_wconf 89' lang='lat' dir='ltr'>prologo</span> <span class='ocrx_word' id='word_1_145' title='bbox 666 2351 872 2409; x_wconf 78' lang='lat' dir='ltr'>inclementius</span> <span class='ocrx_word' id='word_1_146' title='bbox 908 2349 939 2406; x_wconf 90' lang='lat' dir='ltr'>in</span> <span class='ocrx_word' id='word_1_147' title='bbox 973 2351 1109 2422; x_wconf 84' lang='lat' dir='ltr'>aliquem</span> <span class='ocrx_word' id='word_1_148' title='bbox 1128 2350 1240 2408; x_wconf 89' lang='lat' dir='ltr'>dietum</span> <span class='ocrx_word' id='word_1_149' title='bbox 1275 2367 1351 2407; x_wconf 85' lang='lat' dir='ltr'>esse.</span> 
     </span>
     <span class='ocr_line' id='line_1_19' title="bbox 226 2456 1352 2530; baseline -0.002 -14"><span class='ocrx_word' id='word_1_150' title='bbox 226 2459 354 2516; x_wconf 85' lang='lat' dir='ltr'>Accedit</span> <span class='ocrx_word' id='word_1_151' title='bbox 386 2459 461 2529; x_wconf 90' lang='lat' dir='ltr'>quod</span> <span class='ocrx_word' id='word_1_152' title='bbox 490 2459 520 2515; x_wconf 94' lang='lat' dir='ltr'>in</span> <span class='ocrx_word' id='word_1_153' title='bbox 544 2457 680 2515; x_wconf 79' lang='lat' dir='ltr'>Eunuchi</span> <span class='ocrx_word' id='word_1_154' title='bbox 708 2458 830 2530; x_wconf 75' lang='lat' dir='ltr'>prologo</span> <span class='ocrx_word' id='word_1_155' title='bbox 854 2456 927 2514; x_wconf 90' lang='lat' dir='ltr'>nihil</span> <span class='ocrx_word' id='word_1_156' title='bbox 956 2457 991 2514; x_wconf 86' lang='lat' dir='ltr'>de</span> <span class='ocrx_word' id='word_1_157' title='bbox 1015 2457 1182 2515; x_wconf 91' lang='lat' dir='ltr'>hominibus</span> <span class='ocrx_word' id='word_1_158' title='bbox 1206 2458 1352 2516; x_wconf 81' lang='lat' dir='ltr'>nobilibus</span> 
     </span>
     <span class='ocr_line' id='line_1_20' title="bbox 228 2565 1353 2638; baseline -0.002 -15"><span class='ocrx_word' id='word_1_159' title='bbox 228 2569 480 2634; x_wconf 82' lang='lat' dir='ltr'>commemoratur,</span> <span class='ocrx_word' id='word_1_160' title='bbox 517 2582 639 2638; x_wconf 91' lang='lat' dir='ltr'>quorum</span> <span class='ocrx_word' id='word_1_161' title='bbox 673 2565 791 2638; x_wconf 87' lang='lat' dir='ltr'>ingenio</span> <span class='ocrx_word' id='word_1_162' title='bbox 827 2565 935 2621; x_wconf 85' lang='lat' dir='ltr'>l&#39;retum</span> <span class='ocrx_word' id='word_1_163' title='bbox 964 2565 1133 2622; x_wconf 81' lang='lat' dir='ltr'>Terentium</span> <span class='ocrx_word' id='word_1_164' title='bbox 1168 2572 1288 2638; x_wconf 85' lang='lat' dir='ltr'>repente</span> <span class='ocrx_word' id='word_1_165' title='bbox 1317 2566 1353 2622; x_wconf 83' lang='lat' dir='ltr'>ad</span> 
     </span>
     <span class='ocr_line' id='line_1_21' title="bbox 228 2672 1354 2744; baseline -0.001 -15"><span class='ocrx_word' id='word_1_166' title='bbox 228 2672 358 2730; x_wconf 88' lang='lat' dir='ltr'>studium</span> <span class='ocrx_word' id='word_1_167' title='bbox 384 2672 528 2730; x_wconf 82' lang='lat' dir='ltr'>musicum</span> <span class='ocrx_word' id='word_1_168' title='bbox 557 2689 589 2728; x_wconf 87' lang='lat' dir='ltr'>se</span> <span class='ocrx_word' id='word_1_169' title='bbox 619 2672 785 2744; x_wconf 87' lang='lat' dir='ltr'>applicasse</span> <span class='ocrx_word' id='word_1_170' title='bbox 809 2672 973 2729; x_wconf 85' lang='lat' dir='ltr'>adversarii</span> <span class='ocrx_word' id='word_1_171' title='bbox 996 2673 1250 2740; x_wconf 71' lang='lat' dir='ltr'>immolaverant,</span> <span class='ocrx_word' id='word_1_172' title='bbox 1280 2690 1354 2742; x_wconf 86' lang='lat' dir='ltr'>quae</span> 
     </span>
     <span class='ocr_line' id='line_1_22' title="bbox 226 2779 1354 2854; baseline -0.001 -18"><span class='ocrx_word' id='word_1_173' title='bbox 226 2779 407 2837; x_wconf 83' lang='lat' dir='ltr'>insimulatio</span> <span class='ocrx_word' id='word_1_174' title='bbox 430 2780 524 2851; x_wconf 83' lang='lat' dir='ltr'>prima</span> <span class='ocrx_word' id='word_1_175' title='bbox 548 2783 628 2837; x_wconf 85' lang='lat' dir='ltr'>corte</span> <span class='ocrx_word' id='word_1_176' title='bbox 653 2779 806 2852; x_wconf 83' lang='lat' dir='ltr'>divulgata</span> <span class='ocrx_word' id='word_1_177' title='bbox 834 2780 863 2836; x_wconf 91' lang='lat' dir='ltr'>in</span> <span class='ocrx_word' id='word_1_178' title='bbox 885 2779 978 2850; x_wconf 91' lang='lat' dir='ltr'>primo</span> <span class='ocrx_word' id='word_1_179' title='bbox 1003 2779 1124 2854; x_wconf 89' lang='lat' dir='ltr'>prologo</span> <span class='ocrx_word' id='word_1_180' title='bbox 1148 2780 1285 2838; x_wconf 76' lang='lat' dir='ltr'>Terentio</span> <span class='ocrx_word' id='word_1_181' title='bbox 1309 2797 1354 2836; x_wconf 79' lang='lat' dir='ltr'>ro-</span> 
     </span>
     <span class='ocr_line' id='line_1_23' title="bbox 225 2879 1354 2960; baseline -0.002 -16"><span class='ocrx_word' id='word_1_182' title='bbox 225 2886 362 2958; x_wconf 87' lang='lat' dir='ltr'>pellenda</span> <span class='ocrx_word' id='word_1_183' title='bbox 386 2879 495 2958; x_wconf 59' lang='lat' dir='ltr'>luitw)</span> <span class='ocrx_word' id='word_1_184' title='bbox 525 2920 567 2926; x_wconf 84' lang='lat'>-</span> <span class='ocrx_word' id='word_1_185' title='bbox 595 2888 641 2944; x_wconf 93' lang='lat' dir='ltr'>At</span> <span class='ocrx_word' id='word_1_186' title='bbox 663 2886 695 2942; x_wconf 90' lang='lat' dir='ltr'>in</span> <span class='ocrx_word' id='word_1_187' title='bbox 717 2886 874 2958; x_wconf 89' lang='lat' dir='ltr'>Adelphon</span> <span class='ocrx_word' id='word_1_188' title='bbox 898 2887 1020 2960; x_wconf 81' lang='lat' dir='ltr'>prologo</span> <span class='ocrx_word' id='word_1_189' title='bbox 1044 2893 1132 2958; x_wconf 88' lang='lat' dir='ltr'>poeta</span> <span class='ocrx_word' id='word_1_190' title='bbox 1155 2888 1241 2959; x_wconf 90' lang='lat' dir='ltr'>plane</span> <span class='ocrx_word' id='word_1_191' title='bbox 1266 2891 1354 2956; x_wconf 84' lang='lat' dir='ltr'>atque</span> 
     </span>
     <span class='ocr_line' id='line_1_24' title="bbox 226 2991 1354 3067; baseline 0 -17"><span class='ocrx_word' id='word_1_192' title='bbox 226 2993 379 3066; x_wconf 81' lang='lat' dir='ltr'>eleganter</span> <span class='ocrx_word' id='word_1_193' title='bbox 414 2993 486 3051; x_wconf 91' lang='lat' dir='ltr'>illud</span> <span class='ocrx_word' id='word_1_194' title='bbox 521 2993 629 3051; x_wconf 88' lang='lat' dir='ltr'>orimen</span> <span class='ocrx_word' id='word_1_195' title='bbox 664 2991 827 3066; x_wconf 84' lang='lat' dir='ltr'>redarguit.</span> <span class='ocrx_word' id='word_1_196' title='bbox 875 2992 934 3067; x_wconf 83' lang='lat' dir='ltr'>(of.</span> <span class='ocrx_word' id='word_1_197' title='bbox 965 3011 1038 3064; x_wconf 90' lang='lat' dir='ltr'>quae</span> <span class='ocrx_word' id='word_1_198' title='bbox 1069 3013 1158 3067; x_wconf 85' lang='lat' dir='ltr'>supra</span> <span class='ocrx_word' id='word_1_199' title='bbox 1189 3013 1216 3066; x_wconf 90' lang='lat' dir='ltr'>p.</span> <span class='ocrx_word' id='word_1_200' title='bbox 1245 2997 1285 3051; x_wconf 88' lang='lat'>14</span> <span class='ocrx_word' id='word_1_201' title='bbox 1311 3011 1354 3065; x_wconf 88' lang='lat' dir='ltr'>sq.</span> 
     </span>
     <span class='ocr_line' id='line_1_25' title="bbox 228 3100 1356 3174; baseline 0 -18"><span class='ocrx_word' id='word_1_202' title='bbox 228 3100 378 3173; x_wconf 85' lang='lat' dir='ltr'>disserui.)</span> <span class='ocrx_word' id='word_1_203' title='bbox 407 3101 570 3158; x_wconf 85' lang='lat' dir='ltr'>Praeterea</span> <span class='ocrx_word' id='word_1_204' title='bbox 592 3101 621 3158; x_wconf 90' lang='lat' dir='ltr'>in</span> <span class='ocrx_word' id='word_1_205' title='bbox 646 3100 803 3172; x_wconf 84' lang='lat' dir='ltr'>Adelphon</span> <span class='ocrx_word' id='word_1_206' title='bbox 828 3101 950 3174; x_wconf 89' lang='lat' dir='ltr'>prologo</span> <span class='ocrx_word' id='word_1_207' title='bbox 973 3101 1046 3159; x_wconf 89' lang='lat' dir='ltr'>nihil</span> <span class='ocrx_word' id='word_1_208' title='bbox 1071 3103 1228 3170; x_wconf 70' lang='lat' dir='ltr'>invenitur,</span> <span class='ocrx_word' id='word_1_209' title='bbox 1248 3119 1284 3158; x_wconf 84' lang='lat' dir='ltr'>ex</span> <span class='ocrx_word' id='word_1_210' title='bbox 1300 3119 1356 3174; x_wconf 90' lang='lat' dir='ltr'>quo</span> 
     </span>
     <span class='ocr_line' id='line_1_26' title="bbox 227 3207 1354 3281; baseline 0.001 -19"><span class='ocrx_word' id='word_1_211' title='bbox 227 3207 354 3278; x_wconf 87' lang='lat' dir='ltr'>priorem</span> <span class='ocrx_word' id='word_1_212' title='bbox 378 3208 437 3264; x_wconf 90' lang='lat' dir='ltr'>iam</span> <span class='ocrx_word' id='word_1_213' title='bbox 461 3207 587 3278; x_wconf 83' lang='lat' dir='ltr'>aliquem</span> <span class='ocrx_word' id='word_1_214' title='bbox 602 3210 757 3280; x_wconf 85' lang='lat' dir='ltr'>prologum</span> <span class='ocrx_word' id='word_1_215' title='bbox 774 3225 791 3264; x_wconf 91' lang='lat' dir='ltr'>a</span> <span class='ocrx_word' id='word_1_216' title='bbox 807 3214 896 3278; x_wconf 85' lang='lat' dir='ltr'>poeta</span> <span class='ocrx_word' id='word_1_217' title='bbox 919 3208 1062 3281; x_wconf 87' lang='lat' dir='ltr'>scripturn</span> <span class='ocrx_word' id='word_1_218' title='bbox 1086 3227 1153 3267; x_wconf 81' lang='lat' dir='ltr'>esso</span> <span class='ocrx_word' id='word_1_219' title='bbox 1176 3209 1354 3280; x_wconf 78' lang='lat' dir='ltr'>suspiceris3</span> 
     </span>
     <span class='ocr_line' id='line_1_27' title="bbox 227 3313 1362 3406; baseline 0.002 -36"><span class='ocrx_word' id='word_1_220' title='bbox 227 3314 316 3370; x_wconf 90' lang='lat' dir='ltr'>immo</span> <span class='ocrx_word' id='word_1_221' title='bbox 341 3314 412 3370; x_wconf 75' lang='lat' dir='ltr'>talis</span> <span class='ocrx_word' id='word_1_222' title='bbox 437 3321 570 3386; x_wconf 80' lang='lat' dir='ltr'>apparet,</span> <span class='ocrx_word' id='word_1_223' title='bbox 596 3315 710 3387; x_wconf 85' lang='lat' dir='ltr'>qualem</span> <span class='ocrx_word' id='word_1_224' title='bbox 735 3314 859 3386; x_wconf 90' lang='lat' dir='ltr'>primum</span> <span class='ocrx_word' id='word_1_225' title='bbox 882 3316 1036 3388; x_wconf 91' lang='lat' dir='ltr'>prologum</span> <span class='ocrx_word' id='word_1_226' title='bbox 1060 3316 1276 3388; x_wconf 76' lang='lat' dir='ltr'>expectaveris.</span> <span class='ocrx_word' id='word_1_227' title='bbox 1307 3313 1362 3406; x_wconf 32' lang='lat' dir='ltr'>Sic·</span> 
     </span>
    </p>
   </div>
   <div class='ocr_carea' id='block_1_4' title="bbox 230 3469 441 3476">
    <p class='ocr_par' dir='ltr' id='par_1_5' title="bbox 230 3469 441 3476">
     <span class='ocr_line' id='line_1_28' title="bbox 230 3469 441 3476; baseline -0.009 0"><span class='ocrx_word' id='word_1_228' title='bbox 230 3469 441 3476; x_wconf 44' lang='lat' dir='ltr'>onm-</span> 
     </span>
    </p>
   </div>
   <div class='ocr_carea' id='block_1_5' title="bbox 228 3537 1359 4058">
    <p class='ocr_par' dir='ltr' id='par_1_6' title="bbox 228 3537 1358 3964">
     <span class='ocr_line' id='line_1_29' title="bbox 320 3537 1356 3604; baseline 0.003 -13"><span class='ocrx_word' id='word_1_229' title='bbox 320 3537 353 3604; x_wconf 81' lang='lat' dir='ltr'>m)</span> <span class='ocrx_word' id='word_1_230' title='bbox 372 3538 463 3592; x_wconf 78' lang='lat' dir='ltr'>Etiam</span> <span class='ocrx_word' id='word_1_231' title='bbox 475 3539 612 3592; x_wconf 85' lang='lat' dir='ltr'>Donotmn</span> <span class='ocrx_word' id='word_1_232' title='bbox 633 3540 838 3604; x_wconf 79' lang='lat' dir='ltr'>„existumauit“</span> <span class='ocrx_word' id='word_1_233' title='bbox 858 3542 886 3595; x_wconf 91' lang='lat' dir='ltr'>in</span> <span class='ocrx_word' id='word_1_234' title='bbox 905 3540 979 3598; x_wconf 89' lang='lat' dir='ltr'>libris</span> <span class='ocrx_word' id='word_1_235' title='bbox 992 3543 1124 3599; x_wconf 71' lang='lat' dir='ltr'>invenisse</span> <span class='ocrx_word' id='word_1_236' title='bbox 1138 3541 1356 3598; x_wconf 85' lang='lat' dir='ltr'>verisimillimum</span> 
     </span>
     <span class='ocr_line' id='line_1_30' title="bbox 230 3626 1358 3702; baseline 0.005 -22"><span class='ocrx_word' id='word_1_237' title='bbox 230 3633 280 3691; x_wconf 81' lang='lat' dir='ltr'>ost,</span> <span class='ocrx_word' id='word_1_238' title='bbox 299 3626 564 3693; x_wconf 77' lang='lat' dir='ltr'>nanr„oxistu1not“,</span> <span class='ocrx_word' id='word_1_239' title='bbox 584 3645 651 3696; x_wconf 88' lang='lat' dir='ltr'>quae</span> <span class='ocrx_word' id='word_1_240' title='bbox 665 3629 750 3684; x_wconf 87' lang='lat' dir='ltr'>forma</span> <span class='ocrx_word' id='word_1_241' title='bbox 768 3630 858 3686; x_wconf 81' lang='lat' dir='ltr'>versui</span> <span class='ocrx_word' id='word_1_242' title='bbox 878 3633 976 3697; x_wconf 83' lang='lat' dir='ltr'>obstat,</span> <span class='ocrx_word' id='word_1_243' title='bbox 996 3650 1057 3686; x_wconf 84' lang='lat' dir='ltr'>oum</span> <span class='ocrx_word' id='word_1_244' title='bbox 1075 3631 1173 3702; x_wconf 81' lang='lat' dir='ltr'>legisse</span> <span class='ocrx_word' id='word_1_245' title='bbox 1192 3638 1220 3686; x_wconf 83' lang='lat' dir='ltr'>at</span> <span class='ocrx_word' id='word_1_246' title='bbox 1239 3633 1358 3686; x_wconf 80' lang='lat' dir='ltr'>firmasse</span> 
     </span>
     <span class='ocr_line' id='line_1_31' title="bbox 228 3713 1358 3788; baseline 0.006 -20"><span class='ocrx_word' id='word_1_247' title='bbox 228 3713 391 3770; x_wconf 84' lang='lat' dir='ltr'>incredibile</span> <span class='ocrx_word' id='word_1_248' title='bbox 407 3721 461 3782; x_wconf 79' lang='lat' dir='ltr'>est3</span> <span class='ocrx_word' id='word_1_249' title='bbox 491 3735 542 3785; x_wconf 87' lang='lat' dir='ltr'>qua</span> <span class='ocrx_word' id='word_1_250' title='bbox 567 3717 600 3773; x_wconf 87' lang='lat' dir='ltr'>de</span> <span class='ocrx_word' id='word_1_251' title='bbox 626 3732 707 3773; x_wconf 81' lang='lat' dir='ltr'>causa</span> <span class='ocrx_word' id='word_1_252' title='bbox 732 3720 801 3788; x_wconf 88' lang='lat' dir='ltr'>quod</span> <span class='ocrx_word' id='word_1_253' title='bbox 824 3721 947 3774; x_wconf 81' lang='lat' dir='ltr'>Donatus</span> <span class='ocrx_word' id='word_1_254' title='bbox 972 3722 1006 3775; x_wconf 89' lang='lat' dir='ltr'>ad</span> <span class='ocrx_word' id='word_1_255' title='bbox 1029 3723 1099 3775; x_wconf 89' lang='lat' dir='ltr'>huno</span> <span class='ocrx_word' id='word_1_256' title='bbox 1124 3723 1209 3775; x_wconf 91' lang='lat' dir='ltr'>locum</span> <span class='ocrx_word' id='word_1_257' title='bbox 1233 3721 1358 3775; x_wconf 82' lang='lat' dir='ltr'>adnotat:</span> 
     </span>
     <span class='ocr_line' id='line_1_32' title="bbox 234 3803 1358 3874; baseline 0.004 -17"><span class='ocrx_word' id='word_1_258' title='bbox 234 3803 414 3868; x_wconf 71' lang='lat' dir='ltr'>„existumat‘</span> <span class='ocrx_word' id='word_1_259' title='bbox 434 3823 482 3874; x_wconf 87' lang='lat' dir='ltr'>pro</span> <span class='ocrx_word' id='word_1_260' title='bbox 496 3806 705 3872; x_wconf 80' lang='lat' dir='ltr'>‚‚axistumauit“</span> <span class='ocrx_word' id='word_1_261' title='bbox 719 3825 777 3864; x_wconf 89' lang='lat' dir='ltr'>cum</span> <span class='ocrx_word' id='word_1_262' title='bbox 791 3808 923 3863; x_wconf 83' lang='lat' dir='ltr'>Vahlenio</span> <span class='ocrx_word' id='word_1_263' title='bbox 937 3809 976 3864; x_wconf 88' lang='lat' dir='ltr'>sic</span> <span class='ocrx_word' id='word_1_264' title='bbox 988 3811 1144 3866; x_wconf 83' lang='lat' dir='ltr'>mutandum</span> <span class='ocrx_word' id='word_1_265' title='bbox 1164 3828 1227 3865; x_wconf 86' lang='lat' dir='ltr'>esse</span> <span class='ocrx_word' id='word_1_266' title='bbox 1236 3810 1358 3864; x_wconf 85' lang='lat' dir='ltr'>arbitror:</span> 
     </span>
     <span class='ocr_line' id='line_1_33' title="bbox 230 3893 719 3964; baseline 0.012 -18"><span class='ocrx_word' id='word_1_267' title='bbox 230 3893 440 3958; x_wconf 76' lang='lat' dir='ltr'>„existumauir‘</span> <span class='ocrx_word' id='word_1_268' title='bbox 460 3912 508 3964; x_wconf 89' lang='lat' dir='ltr'>pro</span> <span class='ocrx_word' id='word_1_269' title='bbox 528 3895 719 3963; x_wconf 80' lang='lat' dir='ltr'>„existumat“.</span> 
     </span>
    </p>

    <p class='ocr_par' dir='ltr' id='par_1_7' title="bbox 321 3982 1359 4058">
     <span class='ocr_line' id='line_1_34' title="bbox 321 3982 1359 4058; baseline 0.007 -23"><span class='ocrx_word' id='word_1_270' title='bbox 321 3982 356 4047; x_wconf 74' lang='lat'>²⁰)</span> <span class='ocrx_word' id='word_1_271' title='bbox 376 3982 478 4038; x_wconf 80' lang='lat' dir='ltr'>Eodem</span> <span class='ocrx_word' id='word_1_272' title='bbox 497 3985 548 4039; x_wconf 88' lang='lat' dir='ltr'>hoo</span> <span class='ocrx_word' id='word_1_273' title='bbox 567 3993 724 4055; x_wconf 87' lang='lat' dir='ltr'>argumento</span> <span class='ocrx_word' id='word_1_274' title='bbox 744 3991 837 4041; x_wconf 85' lang='lat' dir='ltr'>contra</span> <span class='ocrx_word' id='word_1_275' title='bbox 856 4003 901 4043; x_wconf 84' lang='lat' dir='ltr'>eos</span> <span class='ocrx_word' id='word_1_276' title='bbox 921 3985 961 4040; x_wconf 87' lang='lat' dir='ltr'>uti</span> <span class='ocrx_word' id='word_1_277' title='bbox 980 3985 1051 4052; x_wconf 82' lang='lat' dir='ltr'>licet,</span> <span class='ocrx_word' id='word_1_278' title='bbox 1071 3987 1116 4054; x_wconf 79' lang='lat' dir='ltr'>qui</span> <span class='ocrx_word' id='word_1_279' title='bbox 1135 3989 1253 4044; x_wconf 80' lang='lat' dir='ltr'>Andriae</span> <span class='ocrx_word' id='word_1_280' title='bbox 1272 3991 1359 4058; x_wconf 91' lang='lat' dir='ltr'>prolo-</span> 
     </span>
    </p>
   </div>
   <div class='ocr_carea' id='block_1_6' title="bbox 230 4070 1359 4217">
    <p class='ocr_par' dir='ltr' id='par_1_8' title="bbox 230 4070 1359 4217">
     <span class='ocr_line' id='line_1_35' title="bbox 231 4070 1359 4145; baseline 0.004 -22"><span class='ocrx_word' id='word_1_281' title='bbox 231 4087 295 4139; x_wconf 88' lang='lat' dir='ltr'>gum</span> <span class='ocrx_word' id='word_1_282' title='bbox 314 4070 347 4124; x_wconf 91' lang='lat' dir='ltr'>ad</span> <span class='ocrx_word' id='word_1_283' title='bbox 366 4070 477 4139; x_wconf 86' lang='lat' dir='ltr'>primam</span> <span class='ocrx_word' id='word_1_284' title='bbox 497 4071 627 4128; x_wconf 83' lang='lat' dir='ltr'>actionem</span> <span class='ocrx_word' id='word_1_285' title='bbox 646 4075 779 4145; x_wconf 83' lang='lat' dir='ltr'>pertinere</span> <span class='ocrx_word' id='word_1_286' title='bbox 799 4077 904 4140; x_wconf 80' lang='lat' dir='ltr'>volunt3</span> <span class='ocrx_word' id='word_1_287' title='bbox 924 4093 985 4128; x_wconf 90' lang='lat' dir='ltr'>nom</span> <span class='ocrx_word' id='word_1_288' title='bbox 1003 4092 1035 4128; x_wconf 91' lang='lat' dir='ltr'>no</span> <span class='ocrx_word' id='word_1_289' title='bbox 1048 4074 1075 4127; x_wconf 90' lang='lat' dir='ltr'>in</span> <span class='ocrx_word' id='word_1_290' title='bbox 1087 4075 1137 4129; x_wconf 87' lang='lat' dir='ltr'>hoo</span> <span class='ocrx_word' id='word_1_291' title='bbox 1151 4077 1255 4144; x_wconf 86' lang='lat' dir='ltr'>quidem</span> <span class='ocrx_word' id='word_1_292' title='bbox 1269 4079 1301 4132; x_wconf 91' lang='lat' dir='ltr'>de</span> <span class='ocrx_word' id='word_1_293' title='bbox 1315 4079 1359 4131; x_wconf 90' lang='lat' dir='ltr'>illo</span> 
     </span>
     <span class='ocr_line' id='line_1_36' title="bbox 230 4158 516 4217; baseline 0.017 -5"><span class='ocrx_word' id='word_1_294' title='bbox 230 4158 338 4214; x_wconf 89' lang='lat' dir='ltr'>crimine</span> <span class='ocrx_word' id='word_1_295' title='bbox 358 4160 458 4216; x_wconf 86' lang='lat' dir='ltr'>mentio</span> <span class='ocrx_word' id='word_1_296' title='bbox 477 4163 516 4217; x_wconf 87' lang='lat' dir='ltr'>tit.</span> 
     </span>
    </p>
   </div>
   <div class='ocr_carea' id='block_1_7' title="bbox 0 0 1682 5016">
    <p class='ocr_par' dir='ltr' id='par_1_9' title="bbox 0 0 1682 5016">
     <span class='ocr_line' id='line_1_37' title="bbox 0 0 1682 5016; baseline 0 0"><span class='ocrx_word' id='word_1_297' title='bbox 0 0 1682 5016; x_wconf 95' lang='lat' dir='ltr'> </span> 
     </span>
    </p>
   </div>
  </div>
 </body>
</html>
