3326 5016
668 461 890 514 „27.„

214 652 267 708 per
301 639 396 693 tetam
436 635 565 694 fabulam
601 654 660 694 non
700 636 862 695 edocemur.
926 635 1088 709 Olitiphcni
1126 637 1339 710 interroganti:

219 741 315 815 „Quid
339 743 411 801 e0?“
440 744 598 816 respondet
621 741 715 817 Syrus
739 744 839 802 inania
861 745 935 802 haec
958 760 986 802 v.
1013 747 1077 803 335
1102 761 1145 816 sq.

625 846 785 916 Langumst‚
805 846 931 916 Olitipha

322 934 351 990 Si
372 934 421 989 tibi
440 951 552 1001 narrem,
573 952 651 1003 quam
671 937 761 991 obrem
779 935 807 991 id
826 936 935 992 faciam:
955 955 1019 993 uera
1039 943 1187 992 causaest.

215 1037 311 1112 Quam
334 1055 392 1095 neu
416 1055 488 1095 vera
512 1037 553 1096 sit
576 1055 675 1110 causa,
701 1056 786 1096 neme
809 1057 868 1097 non
890 1040 981 1098 videt.

304 1147 351 1203 Aa
374 1163 411 1202 ne
442 1145 477 1203 de
500 1145 649 1203 Bacchide
673 1146 788 1218 quidem
817 1148 914 1206 emnia
937 1148 1025 1220 plana
1052 1152 1131 1206 suut.
1179 1148 1342 1220 Haecque

214 1254 299 1312 modo
315 1270 333 1310 a
349 1251 425 1325 Syro
443 1252 557 1310 domuum
570 1251 736 1311 Chremetis
752 1253 874 1312 inducta
895 1255 943 1325 sit,
968 1254 1081 1312 duobus
1103 1254 1177 1313 lacis
1193 1257 1341 1312 narratur.

214 1361 305 1418 Alter
328 1356 376 1417 est
398 1377 427 1418 v.
454 1361 518 1417 362
544 1376 606 1431 sqq.
629 1435 633 1443 .

272 1461 351 1517 Olit.
374 1463 414 1516 At
433 1463 482 1517 hoc
501 1461 622 1527 demiror,
644 1463 688 1531 qui
707 1468 762 1518 tam
781 1463 858 1518 facile
877 1463 995 1533 patueris

375 1552 541 1608 Persuadere
560 1550 607 1618 illi,
628 1570 695 1621 quae
714 1553 783 1608 solet
802 1571 868 1621 quos
888 1555 1024 1621 spcmera!

280 1639 352 1710 Syr.
373 1641 404 1694 ln
424 1646 543 1710 tempore
562 1640 596 1695 ad
615 1659 673 1697 eam
692 1642 762 1708 ueni,
782 1643 959 1710 quadrarum
977 1642 1121 1697 omniumst

376 1729 510 1785 Primum:
530 1747 590 1785 nam
612 1733 743 1799 quendam
760 1732 858 1788 misere
878 1731 974 1787 offendi
993 1731 1031 1786 ibi
1048 1731 1159 1787 militem

377 1819 444 1874 Eius
463 1827 569 1875 noctem
588 1826 721 1888 orantem3
740 1821 806 1876 haec
825 1826 883 1876 arte
902 1823 1040 1877 tractabat
1057 1821 1153 1886 uiuun,

376 1909 418 1964 Ut
435 1908 505 1965 illius
525 1909 641 1965 animum
661 1909 785 1979 cupidum
803 1909 892 1979 inopia
908 1910 1075 1966 incenderet:

377 1999 531 2068 Eademque
551 2005 581 2054 ut
600 2005 674 2055 esset
691 1999 762 2068 apud
780 2005 808 2055 te
827 2000 877 2054 hoe
897 2018 974 2068 quam
993 1999 1192 2070 gratissumum.

216 2092 293 2150 alter
319 2096 380 2151 723
406 2110 449 2164 sq.

235 2196 353 2251 Bacch.
377 2195 450 2251 Satis
469 2197 513 2266 pol
532 2201 657 2265 proterua
675 2215 718 2252 me
738 2195 799 2266 Syri
818 2196 949 2266 promissa
967 2197 1019 2251 huc
1038 2196 1207 2262 induxerunt,

377 2285 477 2339 Decem
496 2283 580 2340 minas
600 2303 665 2353 quas
685 2285 750 2339 mihi
769 2285 831 2341 darc
850 2285 1005 2355 pollicitust.

305 2385 372 2443 Due
395 2385 440 2444 illi
463 2386 520 2444 loci
542 2388 614 2445 adeo
638 2405 697 2445 non
721 2393 895 2461 congruunt,
921 2392 955 2445 ut
971 2387 1022 2446 vix
1047 2389 1083 2445 ad
1109 2388 1229 2446 eandem
1253 2407 1345 2447 mere-

217 2493 322 2550 tricem
350 2498 486 2566 spectare
514 2494 680 2553 videantur.

307 2600 356 2658 Aa
385 2601 421 2658 de
449 2601 565 2673 protasi
588 2601 661 2659 haee
689 2603 848 2674 hactenus3
880 2620 916 2660 ex
939 2602 1060 2674 reliquis
1077 2603 1194 2661 fabulae
1210 2603 1345 2676 partibus

216 2707 343 2764 maxime
359 2708 415 2764 duc
433 2708 489 2765 leci
505 2709 543 2766 ad
558 2713 692 2767 nostram
708 2711 910 2782 quaestionem
933 2708 1082 2782 pertinere
1105 2709 1176 2767 mihi
1196 2710 1344 2768 videntur.
1378 2770 1380 2775 ,

217 2815 307 2872 Alter
338 2819 385 2873 est
408 2815 479 2873 Act.
505 2815 555 2872 ΙΙΙ
580 2832 621 2873 sc.
648 2820 677 2886 3,
708 2817 758 2875 ubi
781 2817 881 2875 mirari
905 2817 985 2886 licet,
1011 2833 1097 2888 quam
1126 2833 1183 2873 nen
1212 2822 1346 2889 praestet

217 2922 390 2980 Menedemo
414 2921 564 2992 Chremes
589 2923 665 2994 quud
689 2924 767 2983 inter
791 2941 841 2982 ees
867 2928 1045 2982 convenerat
1068 2940 1096 2980 v.
1123 2926 1187 2980 494
1212 2941 1274 2995 sqq.

538 3025 665 3081 Menad.
686 3025 749 3081 Scin
768 3026 830 3094 quid
848 3043 917 3080 rrune
937 3026 1024 3081 lacere
1043 3031 1071 3081 te
1090 3025 1169 3080 uolo?

219 3113 347 3168 Chrem.
368 3113 427 3169 Dic.
447 3113 573 3168 Mened.
612 3113 690 3182 Quod
709 3115 819 3170 sensisti
837 3115 897 3170 illos
916 3133 958 3170 me
977 3114 1092 3184 incipere
1111 3113 1211 3180 fallere,

379 3204 412 3258 Id
432 3209 463 3257 ut
481 3208 617 3258 maturent
639 3204 739 3260 facere:
759 3204 836 3273 cupio
856 3204 894 3258 illi
914 3205 977 3258 dare

382 3292 461 3361 ercd
479 3293 550 3359 uclt,
574 3293 651 3362 cupio
669 3292 756 3364 ipsum
779 3293 831 3348 iarn
850 3293 949 3349 uidere.
987 3293 1115 3349 Chrem.
1135 3294 1250 3362 Operam
1271 3294 1346 3348 daho.

310 3387 549 3458 Excogitaverat
584 3387 660 3444 enim
695 3385 790 3459 Syrus
823 3387 987 3455 fallaciam,
1033 3387 1233 3461 excogitatam
1268 3389 1348 3445 nulla

220 3511 311 3552 eausa
351 3494 490 3551 Chremes
526 3493 672 3565 repudiat.
736 3494 869 3552 Interest
911 3511 982 3552 vere
1020 3493 1222 3551 Menedemum
1262 3511 1347 3564 quam

220 3601 380 3671 determine,
405 3616 463 3657 uon
486 3618 572 3671 quam
597 3600 786 3657 callidissime
810 3601 883 3659 falli.

309 3708 399 3765 Alter
429 3707 511 3765 locus
536 3712 584 3765 est
607 3711 665 3766 act.
691 3707 737 3764 IV
762 3725 803 3764 sc.
830 3711 866 3776 2,
897 3709 946 3766 ubi
972 3707 1065 3781 Syrus
1089 3709 1162 3766 haec
1186 3709 1346 3779 expremit:

293 3809 353 3864 Nisi
372 3826 413 3863 me
433 3809 535 3865 animus
555 3809 632 3876 salut,
652 3810 722 3865 haud
741 3811 854 3864 multum
874 3828 887 3864 a
908 3829 950 3866 me
970 3810 1055 3866 aberit
1074 3809 1258 3865 infortunium.

292 3899 336 3953 Ita
354 3900 405 3952 hac
424 3916 453 3953 re
472 3897 498 3952 in
518 3905 660 3969 angustum
681 3897 776 3969 oppido
796 3917 865 3953 nuuc
883 3918 958 3955 meae
978 3904 1110 3969 coguntur
1129 3899 1234 3967 captiae:

293 3988 353 4043 Nisi
373 3986 471 4055 aliquid
490 3987 577 4054 uideo,
595 4006 628 4043 nc
648 4006 707 4044 esse
726 3987 840 4043 annieam
858 3989 926 4044 hauc
945 3988 1022 4059 gnati
1040 3988 1169 4044 resciscat
1187 4005 1275 4044 senex.

313 4083 469 4140 Hactenus
505 4082 601 4140 amula
635 4087 732 4152 recta;
770 4082 928 4156 Antiphila
958 4082 1034 4140 enim
1064 4083 1165 4156 agnita
1199 4081 1262 4139 fieri
1290 4100 1347 4140 nen

222 4194 333 4261 potest,
359 4189 429 4260 qrriu
460 4189 542 4246 fraus
572 4188 739 4262 detegetur.
787 4189 846 4248 Sed
870 4189 944 4248 mira
968 4196 1047 4259 suut,
1073 4206 1147 4261 quae
1171 4194 1346 4259 sequuntur:
